2992 4825
483 209 632 270 138

1406 216 1574 273 Liber
1608 218 1680 274 11.
1737 218 1868 287 Cap.
1904 222 1994 277 63.

608 362 915 428 ultionem
946 379 1161 427 ausus.
1249 360 1304 425 is
1348 360 1565 426 valida
1593 377 1788 426 manu
1817 357 1974 426 fines
2006 359 2559 427 Marcomanorum
2588 360 2895 442 ingreditur

609 468 1047 550 corruptisque
1091 466 1472 550 primoribus
1519 466 1600 531 ad
1643 466 2015 532 societatem
2059 466 2368 548 inrumpit
2409 467 2671 548 regiam
2714 470 2893 535 castel·

607 573 863 656 lumque
905 574 1082 638 iuxta
1112 574 1322 640 situm.
1415 576 1665 638 veteres
1710 571 1842 638 illic
1870 570 2220 638 Sueborum
2262 574 2555 656 praedae
2605 576 2673 637 et
2716 574 2893 639 nostris

608 697 645 744 e
688 679 1025 762 provinciis
1084 678 1249 744 lixae
1296 697 1373 745 ac
1417 678 1846 760 negotiatores
1892 678 2143 759 reperti,
2211 696 2369 759 quos
2411 679 2521 743 ius
2570 681 2893 760 commercii,

504 805 574 857 ιο
609 785 755 850 dein
802 783 1029 865 cupido
1075 784 1352 866 augendi
1396 783 1748 865 pecuniam,
1797 788 2185 865 postremum
2233 783 2464 851 oblivio
2514 783 2766 865 patriae
2802 785 2893 850 su‘s

608 908 922 972 quemque
964 890 1046 955 ab
1092 889 1349 955 sedibus
1396 888 1689 953 hostilem
1735 890 1803 954 in
1849 907 2073 972 agrum
2120 889 2568 956 transtulerat.

787 999 889 1062 63.
937 994 1327 1061 Maroboduo
1374 995 1651 1077 undique
1683 995 1933 1061 deserto
1979 1014 2107 1061 non
2137 995 2312 1061 aliud
2344 995 2706 1061 subsidium
2752 975 2907 1076 quam}

607 1101 1043 1168 misericordia
1087 1099 1383 1169 Caesaris
1427 1098 1564 1167 fuit.
1657 1105 2095 1182 transgressus
2142 1102 2531 1182 Danuvium,
2584 1119 2713 1183 qna
2753 1100 2889 1165 Nori·

609 1226 747 1273 cam
792 1207 1181 1290 provinciam
1228 1204 1544 1289 praefluit,
1594 1208 1852 1290 scripsit
1886 1207 2137 1274 Tiberio
2183 1226 2308 1275 non
2354 1214 2428 1273 ut
2471 1206 2774 1291 profugus
2811 1199 2907 1271 aut

607 1313 892 1396 supplex,
958 1315 1073 1380 sed
1118 1333 1196 1380 ex
1239 1316 1547 1380 memoria
1601 1313 1832 1397 prioris
1876 1313 2204 1380 fortunae:
2269 1332 2419 1380 nam
2466 1313 2693 1378 multis
2735 1313 2886 1376 natio-

531 1439 570 1491 5
607 1420 791 1485 nibus
838 1420 1257 1485 clarissimum
1302 1420 1622 1502 quondam
1665 1437 1885 1502 regem
1930 1420 2013 1485 ad
2058 1438 2129 1492 se
2175 1420 2556 1486 vocantibus
2589 1418 2881 1484 Romanam

606 1526 952 1591 amicitiam
995 1524 1395 1607 praetulisse.
1487 1543 1864 1608 responsum
1909 1544 1948 1591 a
1979 1523 2253 1592 Caesare
2299 1532 2513 1592 tutam
2562 1524 2621 1590 ei
2666 1524 2882 1588 honora·

605 1637 865 1713 tamque
910 1632 1122 1697 sedem
1167 1632 1232 1698 in
1278 1631 1468 1697 ltalia
1512 1631 1666 1712 fore,
1714 1632 1771 1697 si
1817 1635 2140 1697 maneret:
2195 1632 2296 1697 sin
2340 1633 2538 1697 rebus
2585 1630 2717 1696 eius
2753 1627 2877 1694 aliud

608 1738 1005 1819 conduceret,
1051 1738 1372 1804 abiturum
1405 1736 1532 1802 fide
1577 1755 1705 1819 qua
1733 1738 2030 1803 venisset.
2124 1741 2406 1804 ceterum
2442 1737 2623 1819 apud
2653 1738 2873 1801 senatum

608 1843 908 1910 disseruit
970 1863 1095 1908 non
1150 1842 1512 1925 Philippum
1559 1843 2068 1925 Atheniensibus,
2134 1862 2260 1909 non
2319 1844 2590 1926 Pyrrum
2654 1847 2756 1907 aut
2790 1841 2869 1904 An-

494 1970 572 2020 10
607 1949 887 2014 tiochum
918 1949 1150 2032 populo
1181 1949 1467 2016 Romano
1499 1949 1759 2031 perinde
1792 1950 2164 2016 metuendos
2194 1949 2407 2017 fuisse.

2510 1951 2684 2014 extat
2711 1945 2865 2025 oratio,

608 2073 735 2137 qua
780 2056 1274 2139 magnitudinem
1323 2057 1461 2135 viri,
1530 2055 1895 2122 violentiam
1941 2056 2371 2122 subiectarum
2430 2056 2493 2120 ei
2545 2053 2798 2137 gentium
2826 2055 2863 2115 et

608 2179 793 2243 quam
840 2162 1231 2244 propinquus
1278 2160 1505 2227 Italiae
1550 2161 1773 2242 hostis,
1834 2179 2074 2243 suaque
2120 2162 2187 2227 in
2232 2160 2629 2227 destruendo
2673 2177 2741 2223 eo
2773 2174 2854 2221 σου·

608 2266 751 2332 silia
811 2267 1055 2332 extulit.

1166 2274 1232 2332 et
1299 2266 1731 2333 Maroboduus
1798 2265 2054 2349 quidem
2121 2267 2465 2333 Ravennae
2537 2260 2841 2341 habitussi

608 2373 864 2456 quando
919 2373 1377 2440 insolescerent
1422 2372 1635 2455 Suebi,
1699 2372 1881 2456 quasi
1923 2372 2244 2440 rediturus
2301 2373 2366 2438 in
2412 2389 2679 2454 regnum
2719 2372 2843 2435 osten·

498 2497 570 2550 15
605 2480 900 2545 tabatur:
949 2481 1061 2546 sed
1107 2499 1231 2546 non
1280 2482 1553 2546 excessit
1596 2479 1783 2545 Italia
1828 2499 1943 2562 per
1987 2480 2423 2563 duodeviginti
2470 2496 2674 2544 annos
2714 2490 2850 2541 conse-

605 2586 869 2668 nuitque
914 2585 1183 2651 multum
1227 2586 1565 2651 imminuta
1626 2585 1919 2652 claritate
1966 2587 2047 2652 ob
2092 2586 2353 2650 nimiam
2398 2584 2656 2651 vivendi
2694 2576 2846 2660 cupidi-

605 2709 768 2756 nem.
858 2691 1024 2757 idem
1083 2689 1433 2757 Catualdae
1492 2709 1676 2757 casus
1743 2709 1948 2773 neque
2008 2690 2182 2756 aliud
2240 2690 2626 2773 perfugium.
2705 2684 2847 2768 pulsus

608 2796 780 2862 haud
838 2796 1038 2862 multo
1100 2802 1244 2877 post
1287 2796 1876 2863 Hermundurorum
1939 2797 2162 2878 opibus
2224 2802 2288 2863 et
2333 2797 2572 2862 Vibilio
2634 2793 2755 2858 duce
2781 2804 2842 2852 re·

607 2907 969 2984 ceptusque,
994 2902 1228 2966 Forum
1253 2901 1505 2982 Iulium,
1539 2902 1969 2968 Narbonensis
1997 2901 2248 2968 Galliae
2273 2902 2604 2982 coloniam,
2637 2896 2835 2965 mittitur.
2902 2980 2903 2985 ἵ

488 3027 572 3079 20
608 3003 867 3074 barbari
922 3011 1263 3088 utrumque
1309 3008 1589 3073 comitati
1650 3026 1733 3073 ne
1779 3007 2022 3090 quietas
2069 3007 2426 3089 provincias
2484 3004 2733 3072 immixti
2761 3004 2842 3063 tur·

570 3222 620 3275 9.
659 3218 833 3274 lixae.-
870 3217 1273 3282 Marketender.
1301 3246 1369 3259 —
1398 3216 1489 3270 ius
1527 3233 1661 3272 com-

487 3306 686 3362 ·mercii
722 3305 932 3376 gemass
970 3305 1091 3360 dem
1129 3306 1197 3361 K.
1234 3308 1304 3361 45
1341 3307 1661 3362 erwahnten

496 3395 826 3451 Bundnisse.
882 3396 1061 3451 Wenn
1082 3396 1661 3466 nichtsdestoweniger

493 3484 601 3538 das
630 3482 785 3538 Land
809 3484 986 3553 gleich
1011 3484 1226 3538 hostilis
1248 3492 1490 3554 genannt
1508 3485 1659 3556 wird,

491 3588 565 3627 so
601 3571 890 3640 geschieht
936 3572 1115 3628 dieses
1170 3574 1227 3628 in
1262 3574 1661 3629 verscharftem

492 3660 845 3728 Gegensatze
880 3677 951 3718 zu
978 3660 1224 3729 patriae.

571 3766 667 3837 63,
704 3769 755 3824 3.
784 3765 1053 3834 praefluit
1074 3773 1142 3820 st.
1158 3765 1525 3835 praeterfluit,
1561 3766 1661 3822 wie

499 3855 620 3924 XV,
661 3856 757 3918 15;
793 3854 900 3922 vgl.
939 3854 1010 3921 11,
1048 3856 1081 3907 6
1107 3853 1483 3921 praeuehitur.

572 3945 622 3997 8.
670 3941 779 4008 fide
815 3957 927 4010 qua
975 3948 1115 3996 statt
1161 3940 1345 3995 eadem
1379 3939 1488 4006 fide
1526 3957 1653 4009 qua,

493 4030 605 4085 wie
660 4030 727 4084 K.
780 4031 846 4084 78
900 4029 1044 4084 nach
1099 4028 1198 4084 der
1250 4027 1659 4095 gewohnliehen

500 4117 989 4173 Ansdrucksweise
1014 4117 1374 4186 geschrieben
1398 4116 1486 4170 ist.
1532 4116 1659 4172 Die-

491 4205 655 4260 selbe
691 4204 906 4274 Ellipse
944 4205 1010 4259 K.
1036 4207 1105 4259 67
1141 4204 1377 4274 exemplo
1415 4220 1521 4273 quo
1539 4224 1559 4272 ,·
1596 4220 1658 4259 so

497 4309 610 4347 nur
646 4294 702 4346 in
741 4293 844 4348 den
883 4292 1153 4348 Annalen.

1845 3222 1926 3276 12.
1964 3234 2128 3288 quam
2142 3217 2500 3286 propinquus
2526 3217 2613 3273 ein
2632 3208 2844 3270 indirekter

1767 3306 2074 3374 Fragesatz
2123 3305 2301 3360 neben
2338 3306 2515 3360 einem
2554 3304 2754 3363 Nomen,
2788 3293 2847 3345 wie

1766 3395 1863 3463 IV,
1900 3398 1963 3450 31
2002 3409 2215 3463 ynarus
2237 3392 2520 3446 meliorum
2543 3397 2592 3447 et
2614 3402 2731 3460 quae
2744 3384 2846 3451 fam

1765 3482 2097 3538 clementiam
2146 3486 2477 3550 sequeretur.
2533 3511 2599 3521 —
2647 3476 2847 3532 ‹le-dmm

1766 3589 1873 3628 von
1934 3573 2087 3627 einer
2115 3559 2353 3625 'Person
2413 3569 2558 3625 noch
2613 3566 2721 3621 hist.
2762 3555 2843 3624 12⁶

1763 3677 1939 3715 senem
1977 3702 1991 3718 .
2012 3700 2024 3714 .
2065 3658 2434 3715 destruebant.

1839 3768 1923 3821 14.
1959 3765 2278 3820 insolescere
2313 3765 2450 3820 auch
2479 3764 2543 3820 K.
2564 3764 2625 3818 75
2650 3753 2742 3813 und
2758 3749 2841 3804 hist

1765 3853 1834 3921 H,
1873 3856 1923 3921 7,
1960 3853 2391 3908 nachklassisch.

1839 3943 1923 3999 18.
1959 3939 2474 3994 Hermundurorum
2500 3934 2760 3994 Nachbarn
2776 3923 2838 3976 der

1766 4028 2217 4095 Markomannen‚
2273 4028 2347 4082 im
2400 4027 2658 4081 ostlichen
2702 4013 2840 4071 Baieffl

1764 4117 1876 4171 und
1913 4116 2246 4185 Thur-ingen.

1838 4207 1920 4259 19.
1968 4203 2177 4258 Forum
2237 4202 2451 4257 Iulium
2502 4203 2631 4272 jetzt
2674 4186 2835 4255 Frejus

1765 4296 1899 4362 Agr.
1934 4296 1984 4346 4.
