2992 4825
963 208 1139 263 Taciti
1176 208 1436 277 Agricola
1474 224 1521 265 c.
1561 211 1791 264 26-28.
2457 201 2533 260 19

393 354 496 414 26.
567 349 750 428 Quod
812 350 921 415 ubi
986 351 1307 434 cognitum
1369 349 1567 432 hosti,
1640 356 1885 417 mutato
1952 356 2214 434 repente
2279 354 2538 421 consilio

201 455 497 522 universi
541 473 773 521 nonam
816 456 1128 539 legionem
1174 461 1247 521 ut
1291 457 1561 521 maxime
1607 456 1946 522 invalidam
1995 460 2183 523 nocte
2230 458 2537 542 adgressi,

200 563 383 627 inter
427 578 717 627 somnum
761 580 836 628 ac
879 561 1367 644 trepidationem
1414 562 1618 628 caesis
1665 561 1952 642 vigilibus
1999 562 2307 645 irrupere.
2375 564 2541 631 Iam-

203 684 338 750 que
382 667 449 732 in
493 667 649 749 ipsis
696 667 922 733 castris
967 669 1389 750 pugnabatur,
1440 686 1584 733 cum
1627 667 1924 749 Agricola
1968 667 2093 733 iter
2136 668 2412 735 hostium
2458 670 2541 737 ab

206 772 723 856 exploratoribus
769 774 1031 840 edoctus
1076 779 1141 839 et
1186 774 1463 854 vestigiis
1509 763 1855 853 insecutus,
1902 773 2327 842 velocissimos
2368 776 2542 858 equi·
2616 789 2650 841 5

209 885 355 943 tum
408 877 817 960 peditumque
875 877 1197 944 adsultare
1253 878 1451 961 tergis
1510 880 1932 962 pugnantium
1986 880 2165 946 iubet
2180 929 2196 960 ,
2258 899 2403 948 mox
2461 882 2544 948 ab

211 984 530 1050 universis
577 983 740 1050 adici
787 985 1155 1064 clamorem;
1203 990 1269 1050 et
1313 985 1666 1066 propinqua
1710 985 1849 1051 luce
1895 983 2127 1051 fulsere
2174 987 2374 1069 signa.
2443 987 2562 1052 Ita-

216 1088 485 1171 ancipiti
545 1089 708 1156 malo
768 1089 975 1154 territi
1032 1089 1355 1172 Britanni3
1416 1095 1486 1155 et
1541 1090 1840 1157 Romanis
1895 1090 2083 1157 rediit
2137 1092 2409 1172 animus,
2471 1112 2548 1159 ac

215 1195 430 1261 securi
480 1213 595 1277 pro
650 1193 856 1260 salute
912 1195 991 1261 de
1044 1195 1248 1277 gloria
1301 1195 1666 1273 certabant3
1727 1196 1894 1262 ultro
1954 1197 2105 1279 quin
2165 1198 2357 1263 etiam
2405 1217 2546 1264 eru·

216 1319 392 1383 pere,
441 1305 504 1366 et
545 1299 669 1367 fuit
713 1305 896 1366 atrox
940 1300 1007 1366 in
1052 1301 1206 1384 ipsis
1252 1307 1584 1383 portarum
1626 1302 1940 1384 angustiis
1969 1302 2299 1384 proelium,
2348 1302 2547 1370 donec
2588 1318 2655 1370 10

218 1406 386 1489 pulsi
441 1406 687 1486 hostes,
748 1410 1015 1488 utroque
1063 1406 1346 1473 exercitu
1394 1410 1710 1487 certante,
1773 1405 1899 1485 hiS,
1961 1411 2034 1472 ut
2078 1407 2301 1474 tulisse
2345 1425 2549 1491 opem,

218 1512 364 1592 illis,
416 1530 494 1577 ne
542 1513 792 1594 eguisse
838 1511 1068 1578 auxilio
1116 1512 1507 1577 viderentur:
1554 1512 1721 1594 quod
1769 1512 1891 1579 nisi
1935 1510 2198 1595 paludes
2243 1517 2308 1579 et
2350 1514 2551 1580 silvae

218 1616 535 1701 fugientes
579 1617 905 1698 texissent,
953 1616 1336 1684 debellatum
1380 1617 1493 1682 illa
1538 1617 1805 1684 victoria
1851 1617 2033 1683 foret.

402 1728 506 1790 27.
574 1722 769 1789 Cuius
824 1723 1211 1789 conscientia
1267 1740 1342 1789 ac
1399 1722 1569 1788 fama
1620 1721 1795 1789 ferox
1851 1723 2164 1789 exercitus
2227 1724 2384 1791 nihil
2428 1725 2552 1791 vir·

224 1830 350 1895 tuti
404 1847 561 1894 suae
611 1828 849 1894 invium
910 1835 976 1894 et
1024 1829 1484 1911 penetrandam
1532 1826 1943 1894 Caledoniam
1985 1828 2553 1912 inveniendumque

226 1935 485 2001 tandem
515 1935 882 2000 Britanniae
928 1935 1272 2001 terminum
1317 1935 1617 2001 continuo
1661 1933 2043 2016 proeliorum
2092 1952 2281 2001 cursu
2327 1934 2554 2002 freme-

227 2042 413 2120 bant,·
457 2045 650 2122 atque
694 2040 786 2104 illi
829 2041 1016 2106 modo
1064 2040 1234 2106 cauti
1280 2059 1356 2106 ac
1402 2041 1725 2122 sapientes
1772 2039 2051 2121 prompti
2081 2044 2227 2124 post
2258 2047 2553 2106 eventum

227 2166 306 2214 ac
361 2146 745 2227 magniloqui
800 2152 1003 2214 erant.
1050 2146 1454 2228 Iniquissima
1515 2145 1677 2211 haec
1739 2144 2050 2211 bellorum
2097 2146 2379 2212 condicio
2425 2151 2556 2225 est;
2627 2159 2659 2212 5

224 2270 534 2337 prospera
593 2270 812 2318 omnes
869 2253 990 2318 sibi
1057 2253 1407 2333 vindicant,
1477 2253 1749 2318 adversa
1794 2252 1901 2317 uni
1948 2252 2358 2333 imputantur.
2471 2251 2558 2318 At

231 2358 519 2426 Britanni
548 2375 674 2424 non
704 2358 941 2424 virtute
971 2378 1053 2437 se,
1103 2358 1218 2424 sed
1264 2358 1596 2425 occasione
1642 2363 1711 2423 et
1755 2362 1895 2424 arte
1943 2356 2122 2424 ducis
2167 2357 2367 2425 victos
2412 2358 2556 2437 rati,

229 2464 388 2530 nihil
434 2484 509 2531 ex
552 2464 930 2548 adrogantia
975 2464 1317 2545 remittere,
1365 2481 1489 2545 quo
1537 2465 1742 2529 minus
1790 2464 2185 2529 iuventutem
2215 2468 2558 2544 armarent,

231 2571 530 2653 coniuges
578 2589 654 2636 ac
699 2569 933 2635 liberos
977 2570 1041 2635 in
1085 2569 1228 2634 loca
1271 2574 1414 2635 tuta
1449 2567 1892 2649 transferrent,
1941 2568 2225 2635 coetibus
2255 2588 2333 2635 ac
2364 2569 2561 2635 sacri-

234 2675 392 2744 ficiis
456 2676 985 2758 conspirationem
1059 2674 1386 2741 civitatum
1460 2676 1813 2741 sancirent:
1883 2679 2074 2757 atque
2141 2675 2232 2741 ita
2292 2674 2561 2741 irritatis
2601 2689 2668 2740 10

232 2783 550 2865 utrimque
594 2782 820 2848 animis
867 2782 1233 2848 discessum.

415 2894 514 2954 28.
577 2887 820 2954 Eadem
875 2891 1124 2953 aestate
1170 2886 1396 2953 cohors
1442 2885 1785 2968 Usiporum
1830 2905 1944 2969 per
1992 2884 2368 2952 Germanias
2416 2905 2564 2951 con-

236 2994 474 3076 scripta
526 2999 591 3059 et
647 2994 710 3059 in
764 2993 1162 3059 Britanniam
1225 2993 1600 3057 transmissa
1662 3009 1961 3071 magnum
2020 3009 2096 3057 ac
2157 2990 2562 3056 memorabile

234 3099 481 3166 facinus
535 3116 694 3164 ausa
747 3103 845 3164 est
855 3128 871 3182 3
932 3098 1141 3164 occiso
1197 3097 1566 3163 centurione
1621 3116 1697 3163 ac
1750 3096 2085 3177 militibus,
2151 3097 2260 3178 qui
2305 3095 2387 3162 ad
2432 3100 2564 3161 tra-

238 3205 510 3270 dendam
565 3204 957 3287 disciplinam
1013 3203 1279 3268 immixti
1337 3201 1676 3284 manipulis
1740 3201 2095 3283 exemplum
2161 3205 2226 3266 et
2287 3206 2565 3267 rectores

236 3310 656 3391 habebantur,
734 3310 853 3375 tris
919 3309 1263 3375 liburnicas
1332 3308 1582 3372 adactis
1650 3325 1766 3391 per
1837 3307 1964 3371 vim
2038 3304 2567 3387 gubernatoribus
2639 3319 2671 3372 5

239 3416 617 3495 ascendere;
683 3419 747 3481 et
804 3434 931 3480 uno
985 3413 1370 3497 remigante,
1438 3414 1749 3496 suspectis
1806 3411 2050 3478 duobus
2119 3428 2318 3494 eoque
2377 3414 2568 3478 inter·

237 3521 454 3601 fectiS,
517 3521 793 3587 nondum
851 3521 1109 3601 vulgato
1164 3537 1417 3585 rumore
1463 3523 1537 3584 ut
1582 3518 1953 3585 miraculum
1999 3517 2567 3600 praevehebantur.

240 3627 389 3694 Mox
435 3647 576 3693 cum
614 3645 840 3708 aquam
886 3631 1078 3706 atque
1124 3626 1306 3690 utilia
1351 3630 1702 3707 raptarent,
1766 3643 1907 3690 cum
1954 3624 2272 3707 plerisque
2317 3623 2571 3689 Britan-

242 3751 468 3800 norum
531 3751 648 3797 sua
706 3730 1167 3797 defensantium
1224 3730 1465 3812 proelio
1532 3731 1859 3813 congressi
1912 3748 1989 3796 ac
2042 3747 2234 3811 saepe
2278 3729 2568 3807 victores,

241 3838 588 3921 aliquando
633 3836 818 3920 pulsi,
869 3856 944 3904 eo
991 3836 1076 3902 ad
1122 3840 1469 3902 extremum
1515 3836 1767 3918 inopiae
1812 3853 2061 3915 venere,
2109 3838 2183 3900 ut
2226 3832 2570 3900 infirmissi·
2612 3845 2679 3896 lo

243 3963 377 4013 mos
423 3961 703 4024 suorum,
750 3962 897 4008 mox
941 3947 1115 4009 sorte
1161 3942 1384 4008 ductos
1433 3946 1857 4007 vescerentur.
1928 3940 2138 4022 Atque
2183 3942 2275 4005 ita
2306 3941 2573 4005 circum-

239 4050 410 4118 vecti
455 4049 877 4130 Britanniam,
940 4049 1188 4114 amissis
1246 4066 1360 4129 per
1413 4047 1732 4113 inscitiam
1786 4046 2047 4128 regendi
2099 4046 2394 4126 navibus,
2456 4062 2573 4128 pro

242 4155 674 4239 praedonibus
720 4153 939 4234 habiti,
1007 4154 1279 4236 primum
1326 4171 1367 4219 a
1411 4152 1656 4235 Suebis,
1703 4172 1848 4218 mox
1893 4171 1933 4218 a
1979 4150 2197 4216 Frisiis
2240 4152 2577 4233 intercepti

245 4266 396 4327 sunt
407 4291 423 4345 ;
475 4280 553 4327 ac
598 4259 778 4327 fuere
823 4279 981 4343 quos
1027 4278 1142 4342 per
1189 4260 1564 4327 commercia
1605 4259 2020 4325 venumdatos
2068 4261 2134 4322 et
2178 4257 2244 4321 in
2289 4261 2575 4322 nostram

2366 4378 2417 4421 2.
