<?xml version="1.0" encoding="UTF-8"?>
<!DOCTYPE html PUBLIC "-//W3C//DTD XHTML 1.0 Transitional//EN"
    "http://www.w3.org/TR/xhtml1/DTD/xhtml1-transitional.dtd">
<html xmlns="http://www.w3.org/1999/xhtml" xml:lang="en" lang="en">
 <head>
  <title>
</title>
<meta http-equiv="Content-Type" content="text/html;charset=utf-8" />
  <meta name='ocr-system' content='tesseract 3.04.00' />
  <meta name='ocr-capabilities' content='ocr_page ocr_carea ocr_par ocr_line ocrx_word'/>
</head>
<body>
  <div class='ocr_page' id='page_1' title='image "./corneliitacitid00tcgoog_0029.png"; bbox 0 0 2992 4825; ppageno 0'>
   <div class='ocr_carea' id='block_1_1' title="bbox 975 248 2547 327">
    <p class='ocr_par' dir='ltr' id='par_1_1' title="bbox 975 248 2547 327">
     <span class='ocr_line' id='line_1_1' title="bbox 975 248 2547 327; baseline 0.003 -16"><span class='ocrx_word' id='word_1_1' title='bbox 975 256 1157 312; x_wconf 81' lang='lat' dir='ltr'><strong>Taciti</strong></span> <span class='ocrx_word' id='word_1_2' title='bbox 1191 258 1456 327; x_wconf 78' lang='lat' dir='ltr'><strong>Agricola.</strong></span> <span class='ocrx_word' id='word_1_3' title='bbox 1494 274 1539 313; x_wconf 95' lang='lat' dir='ltr'><strong>c.</strong></span> <span class='ocrx_word' id='word_1_4' title='bbox 1579 261 1806 314; x_wconf 81' lang='lat'><strong>38—40.</strong></span> <span class='ocrx_word' id='word_1_5' title='bbox 2466 248 2547 309; x_wconf 82' lang='lat'><strong>25</strong></span> 
     </span>
    </p>
   </div>
   <div class='ocr_carea' id='block_1_2' title="bbox 197 397 2649 4400">
    <p class='ocr_par' dir='ltr' id='par_1_2' title="bbox 197 397 2649 2371">
     <span class='ocr_line' id='line_1_2' title="bbox 394 397 2547 483; baseline 0.002 -21"><span class='ocrx_word' id='word_1_6' title='bbox 394 403 495 463; x_wconf 86' lang='lat'><strong>38.</strong></span> <span class='ocrx_word' id='word_1_7' title='bbox 565 397 653 465; x_wconf 87' lang='lat' dir='ltr'><strong>Et</strong></span> <span class='ocrx_word' id='word_1_8' title='bbox 719 417 841 464; x_wconf 91' lang='lat' dir='ltr'><strong>nox</strong></span> <span class='ocrx_word' id='word_1_9' title='bbox 903 399 1155 481; x_wconf 89' lang='lat' dir='ltr'><strong>quidem</strong></span> <span class='ocrx_word' id='word_1_10' title='bbox 1221 400 1454 482; x_wconf 90' lang='lat' dir='ltr'><strong>gaudio</strong></span> <span class='ocrx_word' id='word_1_11' title='bbox 1518 401 1881 483; x_wconf 88' lang='lat' dir='ltr'><strong>praedaque</strong></span> <span class='ocrx_word' id='word_1_12' title='bbox 1944 401 2111 466; x_wconf 86' lang='lat' dir='ltr'><strong>laeta</strong></span> <span class='ocrx_word' id='word_1_13' title='bbox 2171 402 2547 468; x_wconf 81' lang='lat' dir='ltr'><strong>victoribus:</strong></span> 
     </span>
     <span class='ocr_line' id='line_1_3' title="bbox 197 502 2549 590; baseline 0.002 -22"><span class='ocrx_word' id='word_1_14' title='bbox 197 502 509 569; x_wconf 84' lang='lat' dir='ltr'><strong>Britanni</strong></span> <span class='ocrx_word' id='word_1_15' title='bbox 563 505 854 586; x_wconf 87' lang='lat' dir='ltr'><strong>palantes</strong></span> <span class='ocrx_word' id='word_1_16' title='bbox 913 505 1232 587; x_wconf 89' lang='lat' dir='ltr'><strong>mixtoque</strong></span> <span class='ocrx_word' id='word_1_17' title='bbox 1288 507 1567 573; x_wconf 88' lang='lat' dir='ltr'><strong>virorum</strong></span> <span class='ocrx_word' id='word_1_18' title='bbox 1612 505 2073 589; x_wconf 83' lang='lat' dir='ltr'><strong>mulierumque</strong></span> <span class='ocrx_word' id='word_1_19' title='bbox 2118 508 2377 590; x_wconf 90' lang='lat' dir='ltr'><strong>ploratu</strong></span> <span class='ocrx_word' id='word_1_20' title='bbox 2421 513 2549 574; x_wconf 90' lang='lat' dir='ltr'><strong>tra-</strong></span> 
     </span>
     <span class='ocr_line' id='line_1_4' title="bbox 200 607 2546 695; baseline 0.003 -23"><span class='ocrx_word' id='word_1_21' title='bbox 200 607 370 675; x_wconf 90' lang='lat' dir='ltr'><strong>here</strong></span> <span class='ocrx_word' id='word_1_22' title='bbox 416 609 801 690; x_wconf 82' lang='lat' dir='ltr'><strong>vulneratos,</strong></span> <span class='ocrx_word' id='word_1_23' title='bbox 862 628 1091 678; x_wconf 89' lang='lat' dir='ltr'><strong>vocare</strong></span> <span class='ocrx_word' id='word_1_24' title='bbox 1137 612 1441 693; x_wconf 81' lang='lat' dir='ltr'><strong>integroS,</strong></span> <span class='ocrx_word' id='word_1_25' title='bbox 1503 612 1794 677; x_wconf 90' lang='lat' dir='ltr'><strong>deserere</strong></span> <span class='ocrx_word' id='word_1_26' title='bbox 1840 612 2061 679; x_wconf 88' lang='lat' dir='ltr'><strong>domos</strong></span> <span class='ocrx_word' id='word_1_27' title='bbox 2108 632 2185 679; x_wconf 90' lang='lat' dir='ltr'><strong>ac</strong></span> <span class='ocrx_word' id='word_1_28' title='bbox 2229 632 2346 695; x_wconf 89' lang='lat' dir='ltr'><strong>per</strong></span> <span class='ocrx_word' id='word_1_29' title='bbox 2388 614 2546 679; x_wconf 90' lang='lat' dir='ltr'><strong>iram</strong></span> 
     </span>
     <span class='ocr_line' id='line_1_5' title="bbox 204 714 2548 801; baseline 0.003 -22"><span class='ocrx_word' id='word_1_30' title='bbox 204 714 389 782; x_wconf 90' lang='lat' dir='ltr'><strong>ultro</strong></span> <span class='ocrx_word' id='word_1_31' title='bbox 434 716 792 797; x_wconf 83' lang='lat' dir='ltr'><strong>incendere,</strong></span> <span class='ocrx_word' id='word_1_32' title='bbox 841 717 1078 800; x_wconf 82' lang='lat' dir='ltr'><strong>eligere</strong></span> <span class='ocrx_word' id='word_1_33' title='bbox 1123 718 1407 784; x_wconf 89' lang='lat' dir='ltr'><strong>latebras</strong></span> <span class='ocrx_word' id='word_1_34' title='bbox 1455 723 1523 783; x_wconf 93' lang='lat' dir='ltr'><strong>et</strong></span> <span class='ocrx_word' id='word_1_35' title='bbox 1567 719 1781 783; x_wconf 87' lang='lat' dir='ltr'><strong>statim</strong></span> <span class='ocrx_word' id='word_1_36' title='bbox 1830 717 2220 801; x_wconf 82' lang='lat' dir='ltr'><strong>relinquere3</strong></span> <span class='ocrx_word' id='word_1_37' title='bbox 2282 719 2548 785; x_wconf 89' lang='lat' dir='ltr'><strong>miscere</strong></span> 
     </span>
     <span class='ocr_line' id='line_1_6' title="bbox 198 821 2646 906; baseline 0 -22"><span class='ocrx_word' id='word_1_38' title='bbox 198 821 480 887; x_wconf 84' lang='lat' dir='ltr'><strong>invicem</strong></span> <span class='ocrx_word' id='word_1_39' title='bbox 527 822 786 890; x_wconf 88' lang='lat' dir='ltr'><strong>consilia</strong></span> <span class='ocrx_word' id='word_1_40' title='bbox 832 822 1063 904; x_wconf 86' lang='lat' dir='ltr'><strong>aliqua,</strong></span> <span class='ocrx_word' id='word_1_41' title='bbox 1114 823 1258 888; x_wconf 89' lang='lat' dir='ltr'><strong>dein</strong></span> <span class='ocrx_word' id='word_1_42' title='bbox 1290 841 1619 905; x_wconf 83' lang='lat' dir='ltr'><strong>separare3</strong></span> <span class='ocrx_word' id='word_1_43' title='bbox 1668 823 2009 905; x_wconf 87' lang='lat' dir='ltr'><strong>aliquando</strong></span> <span class='ocrx_word' id='word_1_44' title='bbox 2040 821 2248 906; x_wconf 84' lang='lat' dir='ltr'><strong>frangi</strong></span> <span class='ocrx_word' id='word_1_45' title='bbox 2278 831 2543 906; x_wconf 89' lang='lat' dir='ltr'><strong>aspectu</strong></span> <span class='ocrx_word' id='word_1_46' title='bbox 2615 833 2646 885; x_wconf 88' lang='lat'>5</span> 
     </span>
     <span class='ocr_line' id='line_1_7' title="bbox 204 926 2547 1010; baseline 0.002 -19"><span class='ocrx_word' id='word_1_47' title='bbox 204 926 552 1009; x_wconf 80' lang='lat' dir='ltr'><strong>pignorum</strong></span> <span class='ocrx_word' id='word_1_48' title='bbox 583 945 859 1007; x_wconf 90' lang='lat' dir='ltr'><strong>suorum,</strong></span> <span class='ocrx_word' id='word_1_49' title='bbox 904 929 1155 1010; x_wconf 89' lang='lat' dir='ltr'><strong>saepius</strong></span> <span class='ocrx_word' id='word_1_50' title='bbox 1188 928 1512 995; x_wconf 90' lang='lat' dir='ltr'><strong>concitari.</strong></span> <span class='ocrx_word' id='word_1_51' title='bbox 1577 928 1873 1010; x_wconf 90' lang='lat' dir='ltr'><strong>Satisque</strong></span> <span class='ocrx_word' id='word_1_52' title='bbox 1904 930 2243 996; x_wconf 81' lang='lat' dir='ltr'><strong>constabat</strong></span> <span class='ocrx_word' id='word_1_53' title='bbox 2272 930 2547 996; x_wconf 86' lang='lat' dir='ltr'><strong>saevisse</strong></span> 
     </span>
     <span class='ocr_line' id='line_1_8' title="bbox 203 1032 2546 1117; baseline 0.002 -20"><span class='ocrx_word' id='word_1_54' title='bbox 203 1032 520 1113; x_wconf 85' lang='lat' dir='ltr'><strong>quosdam</strong></span> <span class='ocrx_word' id='word_1_55' title='bbox 565 1033 632 1099; x_wconf 90' lang='lat' dir='ltr'><strong>in</strong></span> <span class='ocrx_word' id='word_1_56' title='bbox 677 1035 977 1117; x_wconf 89' lang='lat' dir='ltr'><strong>coniuges</strong></span> <span class='ocrx_word' id='word_1_57' title='bbox 1024 1052 1098 1099; x_wconf 90' lang='lat' dir='ltr'><strong>ac</strong></span> <span class='ocrx_word' id='word_1_58' title='bbox 1139 1034 1395 1114; x_wconf 78' lang='lat' dir='ltr'><strong>liberoS,</strong></span> <span class='ocrx_word' id='word_1_59' title='bbox 1458 1040 1783 1117; x_wconf 88' lang='lat' dir='ltr'><strong>tamquam</strong></span> <span class='ocrx_word' id='word_1_60' title='bbox 1831 1034 2303 1101; x_wconf 85' lang='lat' dir='ltr'><strong>miserarentur.</strong></span> <span class='ocrx_word' id='word_1_61' title='bbox 2395 1036 2546 1102; x_wconf 88' lang='lat' dir='ltr'><strong>Pro·</strong></span> 
     </span>
     <span class='ocr_line' id='line_1_9' title="bbox 202 1137 2542 1224; baseline 0.002 -22"><span class='ocrx_word' id='word_1_62' title='bbox 202 1137 415 1203; x_wconf 84' lang='lat' dir='ltr'><strong>ximus</strong></span> <span class='ocrx_word' id='word_1_63' title='bbox 478 1138 613 1204; x_wconf 91' lang='lat' dir='ltr'><strong>dies</strong></span> <span class='ocrx_word' id='word_1_64' title='bbox 683 1137 909 1206; x_wconf 89' lang='lat' dir='ltr'><strong>faciem</strong></span> <span class='ocrx_word' id='word_1_65' title='bbox 981 1139 1282 1206; x_wconf 84' lang='lat' dir='ltr'><strong>victoriae</strong></span> <span class='ocrx_word' id='word_1_66' title='bbox 1350 1139 1543 1206; x_wconf 90' lang='lat' dir='ltr'><strong>latius</strong></span> <span class='ocrx_word' id='word_1_67' title='bbox 1623 1141 1910 1223; x_wconf 85' lang='lat' dir='ltr'><strong>aperuit:</strong></span> <span class='ocrx_word' id='word_1_68' title='bbox 1988 1145 2244 1207; x_wconf 87' lang='lat' dir='ltr'><strong>vastum</strong></span> <span class='ocrx_word' id='word_1_69' title='bbox 2311 1141 2542 1224; x_wconf 89' lang='lat' dir='ltr'><strong>ubique</strong></span> 
     </span>
     <span class='ocr_line' id='line_1_10' title="bbox 202 1243 2544 1331; baseline 0.002 -24"><span class='ocrx_word' id='word_1_70' title='bbox 202 1243 551 1325; x_wconf 88' lang='lat' dir='ltr'><strong>silentium,</strong></span> <span class='ocrx_word' id='word_1_71' title='bbox 609 1245 846 1312; x_wconf 81' lang='lat' dir='ltr'><strong>deserti</strong></span> <span class='ocrx_word' id='word_1_72' title='bbox 892 1245 1100 1325; x_wconf 80' lang='lat' dir='ltr'><strong>colleS,</strong></span> <span class='ocrx_word' id='word_1_73' title='bbox 1156 1245 1462 1313; x_wconf 83' lang='lat' dir='ltr'><strong>fumantia</strong></span> <span class='ocrx_word' id='word_1_74' title='bbox 1507 1247 1724 1329; x_wconf 90' lang='lat' dir='ltr'><strong>procul</strong></span> <span class='ocrx_word' id='word_1_75' title='bbox 1771 1251 1966 1327; x_wconf 87' lang='lat' dir='ltr'><strong>tecta,</strong></span> <span class='ocrx_word' id='word_1_76' title='bbox 2024 1264 2209 1313; x_wconf 91' lang='lat' dir='ltr'><strong>nemo</strong></span> <span class='ocrx_word' id='word_1_77' title='bbox 2255 1247 2544 1331; x_wconf 80' lang='lat' dir='ltr'><strong>explora-</strong></span> 
     </span>
     <span class='ocr_line' id='line_1_11' title="bbox 201 1349 2649 1435; baseline -0.001 -21"><span class='ocrx_word' id='word_1_78' title='bbox 201 1349 456 1415; x_wconf 86' lang='lat' dir='ltr'><strong>toribus</strong></span> <span class='ocrx_word' id='word_1_79' title='bbox 503 1349 745 1418; x_wconf 81' lang='lat' dir='ltr'><strong>obviuS.</strong></span> <span class='ocrx_word' id='word_1_80' title='bbox 811 1351 1054 1430; x_wconf 84' lang='lat' dir='ltr'><strong>Quibus</strong></span> <span class='ocrx_word' id='word_1_81' title='bbox 1099 1353 1165 1417; x_wconf 91' lang='lat' dir='ltr'><strong>in</strong></span> <span class='ocrx_word' id='word_1_82' title='bbox 1209 1370 1458 1418; x_wconf 91' lang='lat' dir='ltr'><strong>omnem</strong></span> <span class='ocrx_word' id='word_1_83' title='bbox 1505 1357 1756 1435; x_wconf 88' lang='lat' dir='ltr'><strong>partem</strong></span> <span class='ocrx_word' id='word_1_84' title='bbox 1804 1351 2095 1432; x_wconf 79' lang='lat' dir='ltr'><strong>dimissis,</strong></span> <span class='ocrx_word' id='word_1_85' title='bbox 2143 1352 2253 1417; x_wconf 92' lang='lat' dir='ltr'><strong>ubi</strong></span> <span class='ocrx_word' id='word_1_86' title='bbox 2298 1353 2543 1419; x_wconf 86' lang='lat' dir='ltr'><strong>incerta</strong></span> <span class='ocrx_word' id='word_1_87' title='bbox 2582 1362 2649 1413; x_wconf 91' lang='lat'><strong>10</strong></span> 
     </span>
     <span class='ocr_line' id='line_1_12' title="bbox 202 1454 2543 1540; baseline 0.002 -21"><span class='ocrx_word' id='word_1_88' title='bbox 202 1454 403 1537; x_wconf 88' lang='lat' dir='ltr'><strong>fugae</strong></span> <span class='ocrx_word' id='word_1_89' title='bbox 447 1456 714 1538; x_wconf 84' lang='lat' dir='ltr'><strong>vestigia</strong></span> <span class='ocrx_word' id='word_1_90' title='bbox 758 1475 964 1538; x_wconf 90' lang='lat' dir='ltr'><strong>neque</strong></span> <span class='ocrx_word' id='word_1_91' title='bbox 1011 1474 1274 1540; x_wconf 88' lang='lat' dir='ltr'><strong>usquam</strong></span> <span class='ocrx_word' id='word_1_92' title='bbox 1321 1456 1689 1539; x_wconf 90' lang='lat' dir='ltr'><strong>conglobari</strong></span> <span class='ocrx_word' id='word_1_93' title='bbox 1734 1458 1951 1523; x_wconf 84' lang='lat' dir='ltr'><strong>hostes</strong></span> <span class='ocrx_word' id='word_1_94' title='bbox 2008 1464 2419 1540; x_wconf 90' lang='lat' dir='ltr'><strong>compertum,</strong></span> <span class='ocrx_word' id='word_1_95' title='bbox 2477 1464 2543 1523; x_wconf 91' lang='lat' dir='ltr'><strong>et</strong></span> 
     </span>
     <span class='ocr_line' id='line_1_13' title="bbox 206 1561 2540 1646; baseline 0.003 -21"><span class='ocrx_word' id='word_1_96' title='bbox 206 1566 442 1627; x_wconf 86' lang='lat' dir='ltr'><strong>exacta</strong></span> <span class='ocrx_word' id='word_1_97' title='bbox 494 1562 621 1627; x_wconf 90' lang='lat' dir='ltr'><strong>iam</strong></span> <span class='ocrx_word' id='word_1_98' title='bbox 676 1568 924 1628; x_wconf 87' lang='lat' dir='ltr'><strong>aestate</strong></span> <span class='ocrx_word' id='word_1_99' title='bbox 984 1564 1202 1646; x_wconf 86' lang='lat' dir='ltr'><strong>spargi</strong></span> <span class='ocrx_word' id='word_1_100' title='bbox 1247 1563 1483 1629; x_wconf 91' lang='lat' dir='ltr'><strong>bellum</strong></span> <span class='ocrx_word' id='word_1_101' title='bbox 1528 1563 1866 1645; x_wconf 87' lang='lat' dir='ltr'><strong>nequibat,</strong></span> <span class='ocrx_word' id='word_1_102' title='bbox 1930 1564 1993 1628; x_wconf 90' lang='lat' dir='ltr'><strong>in</strong></span> <span class='ocrx_word' id='word_1_103' title='bbox 2041 1561 2198 1628; x_wconf 90' lang='lat' dir='ltr'><strong>fines</strong></span> <span class='ocrx_word' id='word_1_104' title='bbox 2245 1563 2540 1631; x_wconf 89' lang='lat' dir='ltr'><strong>Boresto-</strong></span> 
     </span>
     <span class='ocr_line' id='line_1_14' title="bbox 202 1660 2541 1752; baseline 0.002 -20"><span class='ocrx_word' id='word_1_105' title='bbox 202 1684 352 1732; x_wconf 89' lang='lat' dir='ltr'><strong>rum</strong></span> <span class='ocrx_word' id='word_1_106' title='bbox 397 1668 737 1733; x_wconf 89' lang='lat' dir='ltr'><strong>exercitum</strong></span> <span class='ocrx_word' id='word_1_107' title='bbox 784 1669 1058 1736; x_wconf 90' lang='lat' dir='ltr'><strong>deducit.</strong></span> <span class='ocrx_word' id='word_1_108' title='bbox 1140 1669 1237 1736; x_wconf 91' lang='lat' dir='ltr'><strong>Ibi</strong></span> <span class='ocrx_word' id='word_1_109' title='bbox 1284 1670 1566 1751; x_wconf 88' lang='lat' dir='ltr'><strong>acceptis</strong></span> <span class='ocrx_word' id='word_1_110' title='bbox 1612 1669 1955 1749; x_wconf 76' lang='lat' dir='ltr'><strong>obsidibuS,</strong></span> <span class='ocrx_word' id='word_1_111' title='bbox 2004 1660 2331 1752; x_wconf 89' lang='lat' dir='ltr'><strong>praefecto</strong></span> <span class='ocrx_word' id='word_1_112' title='bbox 2379 1671 2541 1737; x_wconf 90' lang='lat' dir='ltr'><strong>clas-</strong></span> 
     </span>
     <span class='ocr_line' id='line_1_15' title="bbox 204 1773 2538 1858; baseline 0.001 -21"><span class='ocrx_word' id='word_1_113' title='bbox 204 1773 296 1838; x_wconf 89' lang='lat' dir='ltr'><strong>sis</strong></span> <span class='ocrx_word' id='word_1_114' title='bbox 359 1773 737 1840; x_wconf 86' lang='lat' dir='ltr'><strong>circumvehi</strong></span> <span class='ocrx_word' id='word_1_115' title='bbox 803 1775 1196 1840; x_wconf 87' lang='lat' dir='ltr'><strong>Britanniam</strong></span> <span class='ocrx_word' id='word_1_116' title='bbox 1263 1775 1605 1858; x_wconf 81' lang='lat' dir='ltr'><strong>praecipit3</strong></span> <span class='ocrx_word' id='word_1_117' title='bbox 1675 1775 1864 1841; x_wconf 88' lang='lat' dir='ltr'><strong>datae</strong></span> <span class='ocrx_word' id='word_1_118' title='bbox 1928 1775 2009 1840; x_wconf 89' lang='lat' dir='ltr'><strong>ad</strong></span> <span class='ocrx_word' id='word_1_119' title='bbox 2079 1775 2142 1841; x_wconf 91' lang='lat' dir='ltr'><strong>id</strong></span> <span class='ocrx_word' id='word_1_120' title='bbox 2207 1775 2402 1856; x_wconf 77' lang='lat' dir='ltr'><strong>vireS,</strong></span> <span class='ocrx_word' id='word_1_121' title='bbox 2474 1782 2538 1842; x_wconf 90' lang='lat' dir='ltr'><strong>et</strong></span> 
     </span>
     <span class='ocr_line' id='line_1_16' title="bbox 206 1880 2642 1963; baseline 0.002 -18"><span class='ocrx_word' id='word_1_122' title='bbox 206 1883 648 1961; x_wconf 84' lang='lat' dir='ltr'><strong>praecesserat</strong></span> <span class='ocrx_word' id='word_1_123' title='bbox 701 1885 925 1946; x_wconf 89' lang='lat' dir='ltr'><strong>terror.</strong></span> <span class='ocrx_word' id='word_1_124' title='bbox 1015 1880 1158 1963; x_wconf 89' lang='lat' dir='ltr'><strong>Ipse</strong></span> <span class='ocrx_word' id='word_1_125' title='bbox 1214 1881 1494 1963; x_wconf 87' lang='lat' dir='ltr'><strong>peditem</strong></span> <span class='ocrx_word' id='word_1_126' title='bbox 1539 1886 1730 1963; x_wconf 90' lang='lat' dir='ltr'><strong>atque</strong></span> <span class='ocrx_word' id='word_1_127' title='bbox 1776 1880 2022 1963; x_wconf 85' lang='lat' dir='ltr'><strong>equites</strong></span> <span class='ocrx_word' id='word_1_128' title='bbox 2068 1880 2241 1947; x_wconf 93' lang='lat' dir='ltr'><strong>lento</strong></span> <span class='ocrx_word' id='word_1_129' title='bbox 2285 1881 2535 1962; x_wconf 89' lang='lat' dir='ltr'><strong>itinere,</strong></span> <span class='ocrx_word' id='word_1_130' title='bbox 2577 1899 2642 1950; x_wconf 87' lang='lat'><strong>15</strong></span> 
     </span>
     <span class='ocr_line' id='line_1_17' title="bbox 209 1986 2537 2070; baseline 0 -20"><span class='ocrx_word' id='word_1_131' title='bbox 209 2002 341 2067; x_wconf 91' lang='lat' dir='ltr'><strong>quo</strong></span> <span class='ocrx_word' id='word_1_132' title='bbox 396 2003 700 2052; x_wconf 87' lang='lat' dir='ltr'><strong>novarum</strong></span> <span class='ocrx_word' id='word_1_133' title='bbox 757 1987 1039 2068; x_wconf 85' lang='lat' dir='ltr'><strong>gentium</strong></span> <span class='ocrx_word' id='word_1_134' title='bbox 1093 1986 1286 2052; x_wconf 91' lang='lat' dir='ltr'><strong>animi</strong></span> <span class='ocrx_word' id='word_1_135' title='bbox 1342 1986 1481 2068; x_wconf 86' lang='lat' dir='ltr'><strong>ipsa</strong></span> <span class='ocrx_word' id='word_1_136' title='bbox 1540 1987 1846 2053; x_wconf 88' lang='lat' dir='ltr'><strong>transitus</strong></span> <span class='ocrx_word' id='word_1_137' title='bbox 1906 2004 2081 2053; x_wconf 90' lang='lat' dir='ltr'><strong>mora</strong></span> <span class='ocrx_word' id='word_1_138' title='bbox 2127 1992 2537 2070; x_wconf 90' lang='lat' dir='ltr'><strong>terrerentur,</strong></span> 
     </span>
     <span class='ocr_line' id='line_1_18' title="bbox 205 2090 2541 2175; baseline 0.001 -20"><span class='ocrx_word' id='word_1_139' title='bbox 205 2092 275 2156; x_wconf 91' lang='lat' dir='ltr'><strong>in</strong></span> <span class='ocrx_word' id='word_1_140' title='bbox 334 2090 611 2158; x_wconf 90' lang='lat' dir='ltr'><strong>hibernis</strong></span> <span class='ocrx_word' id='word_1_141' title='bbox 670 2091 919 2158; x_wconf 89' lang='lat' dir='ltr'><strong>locavit.</strong></span> <span class='ocrx_word' id='word_1_142' title='bbox 1013 2091 1099 2158; x_wconf 87' lang='lat' dir='ltr'><strong>Et</strong></span> <span class='ocrx_word' id='word_1_143' title='bbox 1154 2092 1341 2157; x_wconf 89' lang='lat' dir='ltr'><strong>simul</strong></span> <span class='ocrx_word' id='word_1_144' title='bbox 1398 2092 1621 2159; x_wconf 89' lang='lat' dir='ltr'><strong>classis</strong></span> <span class='ocrx_word' id='word_1_145' title='bbox 1686 2092 1967 2158; x_wconf 89' lang='lat' dir='ltr'><strong>secunda</strong></span> <span class='ocrx_word' id='word_1_146' title='bbox 2030 2096 2408 2175; x_wconf 87' lang='lat' dir='ltr'><strong>tempestate</strong></span> <span class='ocrx_word' id='word_1_147' title='bbox 2465 2110 2541 2158; x_wconf 91' lang='lat' dir='ltr'><strong>ac</strong></span> 
     </span>
     <span class='ocr_line' id='line_1_19' title="bbox 204 2196 2539 2280; baseline 0.001 -17"><span class='ocrx_word' id='word_1_148' title='bbox 204 2196 380 2263; x_wconf 89' lang='lat' dir='ltr'><strong>fama</strong></span> <span class='ocrx_word' id='word_1_149' title='bbox 425 2196 910 2263; x_wconf 88' lang='lat' dir='ltr'><strong>Trucculensem</strong></span> <span class='ocrx_word' id='word_1_150' title='bbox 969 2204 1224 2280; x_wconf 91' lang='lat' dir='ltr'><strong>portum</strong></span> <span class='ocrx_word' id='word_1_151' title='bbox 1285 2199 1519 2280; x_wconf 89' lang='lat' dir='ltr'><strong>tenuit,</strong></span> <span class='ocrx_word' id='word_1_152' title='bbox 1588 2198 1758 2264; x_wconf 89' lang='lat' dir='ltr'><strong>unde</strong></span> <span class='ocrx_word' id='word_1_153' title='bbox 1824 2199 2108 2280; x_wconf 90' lang='lat' dir='ltr'><strong>proximo</strong></span> <span class='ocrx_word' id='word_1_154' title='bbox 2172 2197 2539 2265; x_wconf 87' lang='lat' dir='ltr'><strong>Britanniae</strong></span> 
     </span>
     <span class='ocr_line' id='line_1_20' title="bbox 204 2303 1178 2371; baseline 0.001 -1"><span class='ocrx_word' id='word_1_155' title='bbox 204 2305 413 2370; x_wconf 87' lang='lat' dir='ltr'><strong>latere</strong></span> <span class='ocrx_word' id='word_1_156' title='bbox 456 2304 619 2370; x_wconf 90' lang='lat' dir='ltr'><strong>lecto</strong></span> <span class='ocrx_word' id='word_1_157' title='bbox 665 2303 835 2371; x_wconf 90' lang='lat' dir='ltr'><strong>omni</strong></span> <span class='ocrx_word' id='word_1_158' title='bbox 881 2304 1178 2371; x_wconf 89' lang='lat' dir='ltr'><strong>redierat.</strong></span> 
     </span>
    </p>

    <p class='ocr_par' dir='ltr' id='par_1_3' title="bbox 200 2408 2645 3959">
     <span class='ocr_line' id='line_1_21' title="bbox 389 2408 2552 2493; baseline -0 -17"><span class='ocrx_word' id='word_1_159' title='bbox 389 2416 490 2476; x_wconf 89' lang='grc'><strong>39.</strong></span> <span class='ocrx_word' id='word_1_160' title='bbox 552 2408 736 2476; x_wconf 89' lang='lat' dir='ltr'><strong>Hunc</strong></span> <span class='ocrx_word' id='word_1_161' title='bbox 791 2429 1002 2477; x_wconf 90' lang='lat' dir='ltr'><strong>rerum</strong></span> <span class='ocrx_word' id='word_1_162' title='bbox 1049 2428 1322 2493; x_wconf 85' lang='lat' dir='ltr'><strong>cursum,</strong></span> <span class='ocrx_word' id='word_1_163' title='bbox 1378 2429 1754 2493; x_wconf 89' lang='lat' dir='ltr'><strong>quamquam</strong></span> <span class='ocrx_word' id='word_1_164' title='bbox 1801 2409 1977 2476; x_wconf 87' lang='lat' dir='ltr'><strong>nulla</strong></span> <span class='ocrx_word' id='word_1_165' title='bbox 2022 2409 2361 2475; x_wconf 89' lang='lat' dir='ltr'><strong>verborum</strong></span> <span class='ocrx_word' id='word_1_166' title='bbox 2409 2409 2552 2475; x_wconf 84' lang='lat' dir='ltr'><strong>iac·.</strong></span> 
     </span>
     <span class='ocr_line' id='line_1_22' title="bbox 201 2515 2536 2599; baseline -0.002 -16"><span class='ocrx_word' id='word_1_167' title='bbox 201 2517 410 2583; x_wconf 88' lang='lat' dir='ltr'><strong>tantia</strong></span> <span class='ocrx_word' id='word_1_168' title='bbox 463 2516 749 2599; x_wconf 89' lang='lat' dir='ltr'><strong>epistulis</strong></span> <span class='ocrx_word' id='word_1_169' title='bbox 796 2517 1130 2599; x_wconf 89' lang='lat' dir='ltr'><strong>Agricolae</strong></span> <span class='ocrx_word' id='word_1_170' title='bbox 1189 2522 1473 2598; x_wconf 89' lang='lat' dir='ltr'><strong>auctum,</strong></span> <span class='ocrx_word' id='word_1_171' title='bbox 1533 2522 1605 2581; x_wconf 93' lang='lat' dir='ltr'><strong>ut</strong></span> <span class='ocrx_word' id='word_1_172' title='bbox 1649 2521 1792 2583; x_wconf 91' lang='lat' dir='ltr'><strong>erat</strong></span> <span class='ocrx_word' id='word_1_173' title='bbox 1839 2516 2238 2582; x_wconf 89' lang='lat' dir='ltr'><strong>Domitianus</strong></span> <span class='ocrx_word' id='word_1_174' title='bbox 2255 2564 2271 2594; x_wconf 90' lang='lat'>‚</span> <span class='ocrx_word' id='word_1_175' title='bbox 2330 2515 2536 2580; x_wconf 89' lang='lat' dir='ltr'><strong>fronte</strong></span> 
     </span>
     <span class='ocr_line' id='line_1_23' title="bbox 202 2619 2535 2704; baseline -0.001 -16"><span class='ocrx_word' id='word_1_176' title='bbox 202 2623 434 2704; x_wconf 77' lang='lat' dir='ltr'><strong>laetuS,</strong></span> <span class='ocrx_word' id='word_1_177' title='bbox 479 2627 740 2704; x_wconf 88' lang='lat' dir='ltr'><strong>pectore</strong></span> <span class='ocrx_word' id='word_1_178' title='bbox 788 2623 1009 2688; x_wconf 90' lang='lat' dir='ltr'><strong>anxius</strong></span> <span class='ocrx_word' id='word_1_179' title='bbox 1056 2623 1319 2704; x_wconf 86' lang='lat' dir='ltr'><strong>excepit.</strong></span> <span class='ocrx_word' id='word_1_180' title='bbox 1396 2623 1611 2687; x_wconf 89' lang='lat' dir='ltr'><strong>Inerat</strong></span> <span class='ocrx_word' id='word_1_181' title='bbox 1657 2622 2042 2688; x_wconf 88' lang='lat' dir='ltr'><strong>conscientia</strong></span> <span class='ocrx_word' id='word_1_182' title='bbox 2073 2620 2310 2686; x_wconf 89' lang='lat' dir='ltr'><strong>derisui</strong></span> <span class='ocrx_word' id='word_1_183' title='bbox 2341 2619 2535 2686; x_wconf 90' lang='lat' dir='ltr'><strong>fuisse</strong></span> 
     </span>
     <span class='ocr_line' id='line_1_24' title="bbox 203 2726 2531 2811; baseline -0.001 -18"><span class='ocrx_word' id='word_1_184' title='bbox 203 2746 411 2811; x_wconf 91' lang='lat' dir='ltr'><strong>nuper</strong></span> <span class='ocrx_word' id='word_1_185' title='bbox 461 2726 691 2792; x_wconf 91' lang='lat' dir='ltr'><strong>falsum</strong></span> <span class='ocrx_word' id='word_1_186' title='bbox 747 2746 782 2793; x_wconf 94' lang='lat' dir='ltr'><strong>e</strong></span> <span class='ocrx_word' id='word_1_187' title='bbox 827 2726 1170 2793; x_wconf 89' lang='lat' dir='ltr'><strong>Germania</strong></span> <span class='ocrx_word' id='word_1_188' title='bbox 1225 2726 1640 2810; x_wconf 89' lang='lat' dir='ltr'><strong>triumphum,</strong></span> <span class='ocrx_word' id='word_1_189' title='bbox 1709 2728 1937 2810; x_wconf 90' lang='lat' dir='ltr'><strong>emptis</strong></span> <span class='ocrx_word' id='word_1_190' title='bbox 1982 2745 2096 2809; x_wconf 90' lang='lat' dir='ltr'><strong>per</strong></span> <span class='ocrx_word' id='word_1_191' title='bbox 2144 2726 2531 2806; x_wconf 88' lang='lat' dir='ltr'><strong>commercia,</strong></span> 
     </span>
     <span class='ocr_line' id='line_1_25' title="bbox 203 2830 2645 2917; baseline -0 -18"><span class='ocrx_word' id='word_1_192' title='bbox 203 2851 474 2917; x_wconf 90' lang='lat' dir='ltr'><strong>quorum</strong></span> <span class='ocrx_word' id='word_1_193' title='bbox 537 2832 794 2899; x_wconf 90' lang='lat' dir='ltr'><strong>habitus</strong></span> <span class='ocrx_word' id='word_1_194' title='bbox 852 2839 917 2898; x_wconf 90' lang='lat' dir='ltr'><strong>et</strong></span> <span class='ocrx_word' id='word_1_195' title='bbox 960 2833 1166 2898; x_wconf 89' lang='lat' dir='ltr'><strong>crines</strong></span> <span class='ocrx_word' id='word_1_196' title='bbox 1211 2833 1276 2898; x_wconf 91' lang='lat' dir='ltr'><strong>in</strong></span> <span class='ocrx_word' id='word_1_197' title='bbox 1323 2835 1716 2917; x_wconf 82' lang='lat' dir='ltr'><strong>captivorum</strong></span> <span class='ocrx_word' id='word_1_198' title='bbox 1764 2833 2037 2916; x_wconf 88' lang='lat' dir='ltr'><strong>speciem</strong></span> <span class='ocrx_word' id='word_1_199' title='bbox 2083 2830 2537 2898; x_wconf 89' lang='lat' dir='ltr'><strong>formarentur:</strong></span> <span class='ocrx_word' id='word_1_200' title='bbox 2613 2846 2645 2898; x_wconf 85' lang='lat'>5</span> 
     </span>
     <span class='ocr_line' id='line_1_26' title="bbox 201 2936 2538 3022; baseline -0.002 -16"><span class='ocrx_word' id='word_1_201' title='bbox 201 2946 279 3006; x_wconf 89' lang='lat' dir='ltr'><strong>at</strong></span> <span class='ocrx_word' id='word_1_202' title='bbox 322 2957 488 3005; x_wconf 90' lang='lat' dir='ltr'><strong>nunc</strong></span> <span class='ocrx_word' id='word_1_203' title='bbox 532 2957 747 3005; x_wconf 87' lang='lat' dir='ltr'><strong>veram</strong></span> <span class='ocrx_word' id='word_1_204' title='bbox 794 2957 1213 3022; x_wconf 88' lang='lat' dir='ltr'><strong>magnamque</strong></span> <span class='ocrx_word' id='word_1_205' title='bbox 1257 2940 1586 3005; x_wconf 84' lang='lat' dir='ltr'><strong>victoriam</strong></span> <span class='ocrx_word' id='word_1_206' title='bbox 1621 2944 1719 3006; x_wconf 87' lang='lat' dir='ltr'><strong>tot</strong></span> <span class='ocrx_word' id='word_1_207' title='bbox 1752 2939 2001 3004; x_wconf 89' lang='lat' dir='ltr'><strong>milibus</strong></span> <span class='ocrx_word' id='word_1_208' title='bbox 2033 2937 2305 3004; x_wconf 92' lang='lat' dir='ltr'><strong>hostium</strong></span> <span class='ocrx_word' id='word_1_209' title='bbox 2339 2936 2538 3002; x_wconf 88' lang='lat' dir='ltr'><strong>caesis</strong></span> 
     </span>
     <span class='ocr_line' id='line_1_27' title="bbox 201 3042 2537 3128; baseline -0.002 -17"><span class='ocrx_word' id='word_1_210' title='bbox 201 3044 452 3128; x_wconf 90' lang='lat' dir='ltr'><strong>ingenti</strong></span> <span class='ocrx_word' id='word_1_211' title='bbox 509 3042 678 3110; x_wconf 90' lang='lat' dir='ltr'><strong>fama</strong></span> <span class='ocrx_word' id='word_1_212' title='bbox 734 3044 1058 3111; x_wconf 86' lang='lat' dir='ltr'><strong>celebrari.</strong></span> <span class='ocrx_word' id='word_1_213' title='bbox 1149 3044 1226 3110; x_wconf 92' lang='lat' dir='ltr'><strong>Id</strong></span> <span class='ocrx_word' id='word_1_214' title='bbox 1271 3044 1393 3110; x_wconf 89' lang='lat' dir='ltr'><strong>sibi</strong></span> <span class='ocrx_word' id='word_1_215' title='bbox 1438 3045 1708 3111; x_wconf 85' lang='lat' dir='ltr'><strong>maxime</strong></span> <span class='ocrx_word' id='word_1_216' title='bbox 1753 3043 2244 3123; x_wconf 89' lang='lat' dir='ltr'><strong>formidolosum,</strong></span> <span class='ocrx_word' id='word_1_217' title='bbox 2305 3042 2537 3124; x_wconf 87' lang='lat' dir='ltr'><strong>privati</strong></span> 
     </span>
     <span class='ocr_line' id='line_1_28' title="bbox 201 3147 2537 3232; baseline -0.001 -17"><span class='ocrx_word' id='word_1_218' title='bbox 201 3150 476 3216; x_wconf 89' lang='lat' dir='ltr'><strong>hominis</strong></span> <span class='ocrx_word' id='word_1_219' title='bbox 531 3168 758 3216; x_wconf 89' lang='lat' dir='ltr'><strong>nomen</strong></span> <span class='ocrx_word' id='word_1_220' title='bbox 813 3168 1006 3231; x_wconf 86' lang='lat' dir='ltr'><strong>supra</strong></span> <span class='ocrx_word' id='word_1_221' title='bbox 1065 3150 1367 3232; x_wconf 86' lang='lat' dir='ltr'><strong>principis</strong></span> <span class='ocrx_word' id='word_1_222' title='bbox 1429 3150 1674 3230; x_wconf 85' lang='lat' dir='ltr'><strong>attolli;</strong></span> <span class='ocrx_word' id='word_1_223' title='bbox 1740 3148 1978 3215; x_wconf 91' lang='lat' dir='ltr'><strong>frustra</strong></span> <span class='ocrx_word' id='word_1_224' title='bbox 2042 3149 2251 3215; x_wconf 89' lang='lat' dir='ltr'><strong>studia</strong></span> <span class='ocrx_word' id='word_1_225' title='bbox 2307 3147 2426 3213; x_wconf 89' lang='lat' dir='ltr'><strong>fori</strong></span> <span class='ocrx_word' id='word_1_226' title='bbox 2472 3152 2537 3213; x_wconf 91' lang='lat' dir='ltr'><strong>et</strong></span> 
     </span>
     <span class='ocr_line' id='line_1_29' title="bbox 203 3255 2533 3338; baseline -0.002 -15"><span class='ocrx_word' id='word_1_227' title='bbox 203 3255 481 3323; x_wconf 85' lang='lat' dir='ltr'><strong>civilium</strong></span> <span class='ocrx_word' id='word_1_228' title='bbox 537 3257 768 3322; x_wconf 89' lang='lat' dir='ltr'><strong>artium</strong></span> <span class='ocrx_word' id='word_1_229' title='bbox 826 3256 1018 3322; x_wconf 89' lang='lat' dir='ltr'><strong>decus</strong></span> <span class='ocrx_word' id='word_1_230' title='bbox 1064 3257 1128 3321; x_wconf 93' lang='lat' dir='ltr'><strong>in</strong></span> <span class='ocrx_word' id='word_1_231' title='bbox 1176 3257 1498 3322; x_wconf 90' lang='lat' dir='ltr'><strong>silentium</strong></span> <span class='ocrx_word' id='word_1_232' title='bbox 1549 3260 1721 3338; x_wconf 88' lang='lat' dir='ltr'><strong>acta,</strong></span> <span class='ocrx_word' id='word_1_233' title='bbox 1781 3255 1836 3320; x_wconf 90' lang='lat' dir='ltr'><strong>si</strong></span> <span class='ocrx_word' id='word_1_234' title='bbox 1883 3255 2217 3320; x_wconf 88' lang='lat' dir='ltr'><strong>militarem</strong></span> <span class='ocrx_word' id='word_1_235' title='bbox 2265 3255 2533 3335; x_wconf 88' lang='lat' dir='ltr'><strong>gloriam</strong></span> 
     </span>
     <span class='ocr_line' id='line_1_30' title="bbox 203 3359 2641 3444; baseline -0.002 -16"><span class='ocrx_word' id='word_1_236' title='bbox 203 3363 368 3428; x_wconf 87' lang='lat' dir='ltr'><strong>alius</strong></span> <span class='ocrx_word' id='word_1_237' title='bbox 413 3368 777 3443; x_wconf 81' lang='lat' dir='ltr'><strong>occuparet3</strong></span> <span class='ocrx_word' id='word_1_238' title='bbox 835 3366 902 3427; x_wconf 87' lang='lat' dir='ltr'><strong>et</strong></span> <span class='ocrx_word' id='word_1_239' title='bbox 947 3367 1159 3427; x_wconf 89' lang='lat' dir='ltr'><strong>cetera</strong></span> <span class='ocrx_word' id='word_1_240' title='bbox 1206 3369 1551 3444; x_wconf 90' lang='lat' dir='ltr'><strong>utcumque</strong></span> <span class='ocrx_word' id='word_1_241' title='bbox 1593 3360 1844 3426; x_wconf 87' lang='lat' dir='ltr'><strong>facilius</strong></span> <span class='ocrx_word' id='word_1_242' title='bbox 1892 3360 2295 3439; x_wconf 87' lang='lat' dir='ltr'><strong>dissimulari,</strong></span> <span class='ocrx_word' id='word_1_243' title='bbox 2356 3359 2533 3426; x_wconf 91' lang='lat' dir='ltr'><strong>ducis</strong></span> <span class='ocrx_word' id='word_1_244' title='bbox 2576 3372 2641 3424; x_wconf 90' lang='lat'><strong>10</strong></span> 
     </span>
     <span class='ocr_line' id='line_1_31' title="bbox 201 3466 2536 3551; baseline -0.002 -17"><span class='ocrx_word' id='word_1_245' title='bbox 201 3469 355 3535; x_wconf 89' lang='lat' dir='ltr'><strong>boni</strong></span> <span class='ocrx_word' id='word_1_246' title='bbox 398 3468 869 3551; x_wconf 89' lang='lat' dir='ltr'><strong>imperatoriam</strong></span> <span class='ocrx_word' id='word_1_247' title='bbox 917 3469 1215 3533; x_wconf 85' lang='lat' dir='ltr'><strong>virtutem</strong></span> <span class='ocrx_word' id='word_1_248' title='bbox 1262 3485 1421 3534; x_wconf 90' lang='lat' dir='ltr'><strong>esse.</strong></span> <span class='ocrx_word' id='word_1_249' title='bbox 1482 3466 1740 3533; x_wconf 88' lang='lat' dir='ltr'><strong>Talibus</strong></span> <span class='ocrx_word' id='word_1_250' title='bbox 1773 3466 1938 3532; x_wconf 90' lang='lat' dir='ltr'><strong>curis</strong></span> <span class='ocrx_word' id='word_1_251' title='bbox 1970 3467 2303 3546; x_wconf 89' lang='lat' dir='ltr'><strong>exercitus,</strong></span> <span class='ocrx_word' id='word_1_252' title='bbox 2337 3466 2536 3548; x_wconf 92' lang='lat' dir='ltr'><strong>quod·</strong></span> 
     </span>
     <span class='ocr_line' id='line_1_32' title="bbox 200 3573 2533 3657; baseline -0.001 -18"><span class='ocrx_word' id='word_1_253' title='bbox 200 3593 329 3657; x_wconf 91' lang='lat' dir='ltr'><strong>que</strong></span> <span class='ocrx_word' id='word_1_254' title='bbox 388 3592 618 3641; x_wconf 90' lang='lat' dir='ltr'><strong>saevae</strong></span> <span class='ocrx_word' id='word_1_255' title='bbox 680 3574 1080 3656; x_wconf 88' lang='lat' dir='ltr'><strong>cogitationis</strong></span> <span class='ocrx_word' id='word_1_256' title='bbox 1143 3573 1444 3639; x_wconf 89' lang='lat' dir='ltr'><strong>indicium</strong></span> <span class='ocrx_word' id='word_1_257' title='bbox 1513 3578 1682 3653; x_wconf 90' lang='lat' dir='ltr'><strong>erat,</strong></span> <span class='ocrx_word' id='word_1_258' title='bbox 1749 3579 1997 3639; x_wconf 88' lang='lat' dir='ltr'><strong>secreto</strong></span> <span class='ocrx_word' id='word_1_259' title='bbox 2063 3590 2177 3636; x_wconf 90' lang='lat' dir='ltr'><strong>suo</strong></span> <span class='ocrx_word' id='word_1_260' title='bbox 2242 3573 2533 3652; x_wconf 86' lang='lat' dir='ltr'><strong>satiatus,</strong></span> 
     </span>
     <span class='ocr_line' id='line_1_33' title="bbox 203 3678 2535 3763; baseline -0.002 -17"><span class='ocrx_word' id='word_1_261' title='bbox 203 3681 510 3763; x_wconf 88' lang='lat' dir='ltr'><strong>optimum</strong></span> <span class='ocrx_word' id='word_1_262' title='bbox 565 3681 630 3745; x_wconf 91' lang='lat' dir='ltr'><strong>in</strong></span> <span class='ocrx_word' id='word_1_263' title='bbox 675 3680 1038 3762; x_wconf 86' lang='lat' dir='ltr'><strong>praesentia</strong></span> <span class='ocrx_word' id='word_1_264' title='bbox 1084 3680 1313 3745; x_wconf 86' lang='lat' dir='ltr'><strong>statuit</strong></span> <span class='ocrx_word' id='word_1_265' title='bbox 1358 3697 1668 3760; x_wconf 92' lang='lat' dir='ltr'><strong>reponere</strong></span> <span class='ocrx_word' id='word_1_266' title='bbox 1716 3678 1955 3759; x_wconf 91' lang='lat' dir='ltr'><strong>odium,</strong></span> <span class='ocrx_word' id='word_1_267' title='bbox 2019 3678 2219 3744; x_wconf 87' lang='lat' dir='ltr'><strong>donec</strong></span> <span class='ocrx_word' id='word_1_268' title='bbox 2264 3679 2535 3760; x_wconf 90' lang='lat' dir='ltr'><strong>impetus</strong></span> 
     </span>
     <span class='ocr_line' id='line_1_34' title="bbox 203 3782 2535 3866; baseline -0.002 -15"><span class='ocrx_word' id='word_1_269' title='bbox 203 3785 411 3853; x_wconf 85' lang='lat' dir='ltr'><strong>famae</strong></span> <span class='ocrx_word' id='word_1_270' title='bbox 455 3791 521 3851; x_wconf 93' lang='lat' dir='ltr'><strong>et</strong></span> <span class='ocrx_word' id='word_1_271' title='bbox 565 3784 740 3851; x_wconf 87' lang='lat' dir='ltr'><strong>favor</strong></span> <span class='ocrx_word' id='word_1_272' title='bbox 785 3785 1100 3852; x_wconf 85' lang='lat' dir='ltr'><strong>exercitus</strong></span> <span class='ocrx_word' id='word_1_273' title='bbox 1147 3785 1605 3866; x_wconf 82' lang='lat' dir='ltr'><strong>languesceret3</strong></span> <span class='ocrx_word' id='word_1_274' title='bbox 1653 3802 1798 3849; x_wconf 90' lang='lat' dir='ltr'><strong>nam</strong></span> <span class='ocrx_word' id='word_1_275' title='bbox 1847 3784 2042 3848; x_wconf 89' lang='lat' dir='ltr'><strong>etiam</strong></span> <span class='ocrx_word' id='word_1_276' title='bbox 2073 3787 2208 3848; x_wconf 89' lang='lat' dir='ltr'><strong>tum</strong></span> <span class='ocrx_word' id='word_1_277' title='bbox 2241 3782 2535 3865; x_wconf 89' lang='lat' dir='ltr'><strong>Agricola</strong></span> 
     </span>
     <span class='ocr_line' id='line_1_35' title="bbox 205 3890 2638 3959; baseline -0.003 -1"><span class='ocrx_word' id='word_1_278' title='bbox 205 3892 599 3958; x_wconf 89' lang='lat' dir='ltr'><strong>Britanniam</strong></span> <span class='ocrx_word' id='word_1_279' title='bbox 645 3890 990 3959; x_wconf 89' lang='lat' dir='ltr'><strong>obtinebat.</strong></span> <span class='ocrx_word' id='word_1_280' title='bbox 2574 3898 2638 3950; x_wconf 88' lang='lat'><strong>15</strong></span> 
     </span>
    </p>

    <p class='ocr_par' dir='ltr' id='par_1_4' title="bbox 204 3995 2531 4400">
     <span class='ocr_line' id='line_1_36' title="bbox 381 3995 2529 4079; baseline -0.002 -16"><span class='ocrx_word' id='word_1_281' title='bbox 381 4003 488 4066; x_wconf 80' lang='lat'><strong>40.</strong></span> <span class='ocrx_word' id='word_1_282' title='bbox 566 3998 771 4079; x_wconf 91' lang='lat' dir='ltr'><strong>Igitur</strong></span> <span class='ocrx_word' id='word_1_283' title='bbox 844 3997 1251 4079; x_wconf 88' lang='lat' dir='ltr'><strong>triumphalia</strong></span> <span class='ocrx_word' id='word_1_284' title='bbox 1327 4003 1705 4062; x_wconf 90' lang='lat' dir='ltr'><strong>ornamenta</strong></span> <span class='ocrx_word' id='word_1_285' title='bbox 1779 4001 1845 4060; x_wconf 90' lang='lat' dir='ltr'><strong>et</strong></span> <span class='ocrx_word' id='word_1_286' title='bbox 1918 3995 2201 4061; x_wconf 91' lang='lat' dir='ltr'><strong>inlustris</strong></span> <span class='ocrx_word' id='word_1_287' title='bbox 2278 3998 2529 4059; x_wconf 87' lang='lat' dir='ltr'><strong>statuae</strong></span> 
     </span>
     <span class='ocr_line' id='line_1_37' title="bbox 205 4099 2529 4185; baseline -0.002 -17"><span class='ocrx_word' id='word_1_288' title='bbox 205 4104 503 4170; x_wconf 91' lang='lat' dir='ltr'><strong>honorem</strong></span> <span class='ocrx_word' id='word_1_289' title='bbox 571 4108 636 4168; x_wconf 89' lang='lat' dir='ltr'><strong>et</strong></span> <span class='ocrx_word' id='word_1_290' title='bbox 698 4104 993 4185; x_wconf 90' lang='lat' dir='ltr'><strong>quicquid</strong></span> <span class='ocrx_word' id='word_1_291' title='bbox 1061 4121 1177 4185; x_wconf 92' lang='lat' dir='ltr'><strong>pro</strong></span> <span class='ocrx_word' id='word_1_292' title='bbox 1245 4102 1568 4184; x_wconf 90' lang='lat' dir='ltr'><strong>triumpho</strong></span> <span class='ocrx_word' id='word_1_293' title='bbox 1634 4102 1853 4179; x_wconf 86' lang='lat' dir='ltr'><strong>datur,</strong></span> <span class='ocrx_word' id='word_1_294' title='bbox 1929 4100 2131 4165; x_wconf 89' lang='lat' dir='ltr'><strong>multo</strong></span> <span class='ocrx_word' id='word_1_295' title='bbox 2197 4099 2529 4165; x_wconf 90' lang='lat' dir='ltr'><strong>verborum</strong></span> 
     </span>
     <span class='ocr_line' id='line_1_38' title="bbox 204 4205 2531 4289; baseline -0.002 -15"><span class='ocrx_word' id='word_1_296' title='bbox 204 4209 441 4277; x_wconf 87' lang='lat' dir='ltr'><strong>honore</strong></span> <span class='ocrx_word' id='word_1_297' title='bbox 488 4210 830 4289; x_wconf 87' lang='lat' dir='ltr'><strong>cumulata,</strong></span> <span class='ocrx_word' id='word_1_298' title='bbox 881 4210 1135 4276; x_wconf 90' lang='lat' dir='ltr'><strong>decerni</strong></span> <span class='ocrx_word' id='word_1_299' title='bbox 1177 4210 1241 4275; x_wconf 92' lang='lat' dir='ltr'><strong>in</strong></span> <span class='ocrx_word' id='word_1_300' title='bbox 1287 4215 1514 4274; x_wconf 91' lang='lat' dir='ltr'><strong>senatu</strong></span> <span class='ocrx_word' id='word_1_301' title='bbox 1560 4208 1736 4275; x_wconf 91' lang='lat' dir='ltr'><strong>iubet</strong></span> <span class='ocrx_word' id='word_1_302' title='bbox 1782 4207 2054 4288; x_wconf 91' lang='lat' dir='ltr'><strong>addique</strong></span> <span class='ocrx_word' id='word_1_303' title='bbox 2097 4206 2354 4286; x_wconf 90' lang='lat' dir='ltr'><strong>insuper</strong></span> <span class='ocrx_word' id='word_1_304' title='bbox 2397 4205 2531 4287; x_wconf 91' lang='lat' dir='ltr'><strong>opi-</strong></span> 
     </span>
     <span class='ocr_line' id='line_1_39' title="bbox 206 4313 2531 4400; baseline -0.002 -20"><span class='ocrx_word' id='word_1_305' title='bbox 206 4317 473 4398; x_wconf 88' lang='lat' dir='ltr'><strong>nionem,</strong></span> <span class='ocrx_word' id='word_1_306' title='bbox 531 4314 776 4400; x_wconf 88' lang='lat' dir='ltr'><strong>Syriam</strong></span> <span class='ocrx_word' id='word_1_307' title='bbox 836 4315 1220 4398; x_wconf 88' lang='lat' dir='ltr'><strong>provinciam</strong></span> <span class='ocrx_word' id='word_1_308' title='bbox 1279 4316 1613 4397; x_wconf 88' lang='lat' dir='ltr'><strong>Agricolae</strong></span> <span class='ocrx_word' id='word_1_309' title='bbox 1672 4313 2005 4394; x_wconf 90' lang='lat' dir='ltr'><strong>destinari,</strong></span> <span class='ocrx_word' id='word_1_310' title='bbox 2069 4328 2334 4376; x_wconf 87' lang='lat' dir='ltr'><strong>vacuam</strong></span> <span class='ocrx_word' id='word_1_311' title='bbox 2393 4314 2531 4376; x_wconf 89' lang='lat' dir='ltr'><strong>tum</strong></span> 
     </span>
    </p>
   </div>
   <div class='ocr_carea' id='block_1_3' title="bbox 98 4576 211 4766">
    <p class='ocr_par' dir='ltr' id='par_1_5' title="bbox 98 4576 211 4766">
     <span class='ocr_line' id='line_1_40' title="bbox 98 4576 211 4766; baseline 0 0"><span class='ocrx_word' id='word_1_312' title='bbox 98 4576 211 4766; x_wconf 64' lang='lat' dir='ltr'><strong>‘x</strong></span> 
     </span>
    </p>
   </div>
  </div>
 </body>
</html>
