2992 4825
435 260 515 322 22
1171 273 1352 329 Taciti
1390 273 1657 342 Agricola
1694 289 1740 329 c.
1779 274 2006 330 32—33.

336 430 396 474 15
437 417 854 482 tradiderunt.
946 414 1040 480 Ne
1095 420 1337 482 terreat
1397 433 1602 481 vanus
1659 420 1949 498 aspectus
2004 420 2069 481 et
2130 417 2269 481 auri
2314 414 2520 496 fulgor
2565 419 2773 496 atque

437 522 701 602 urgunti‚
749 520 916 602 quod
961 539 1169 603 neque
1211 523 1372 604 tegit
1415 540 1619 604 neque
1665 521 1976 588 vulnerat.
2044 522 2119 587 In
2151 522 2285 603 ipsa
2313 521 2593 588 hostium
2624 520 2773 586 acie

441 630 824 692 inveniemus
870 632 1118 693 nostras
1166 645 1424 693 manus:
1471 626 1871 710 adgnoscent
1915 626 2208 692 Britanni
2252 645 2432 692 suam
2480 643 2767 705 causam,

441 734 936 798 ruuurduhuntur
998 731 1166 799 Galli
1227 733 1506 815 priorem
1572 733 1949 815 libertatem,
2013 733 2309 799 deserent
2363 732 2504 798 illos
2565 732 2769 797 ceteri

441 842 757 914 Germani,
813 842 946 903 tam
1001 856 1189 920 quam
1245 856 1448 920 nuper
1491 837 1676 920 Usipi
1729 839 2139 921 reliquerunt.
2231 836 2363 904 Nec
2424 837 2767 920 quicquam

336 958 400 1006 uu
445 946 605 1006 ultra
669 943 1040 1010 formidinis:
1104 961 1304 1010 vacua
1360 944 1650 1022 castella,
1716 962 1936 1010 senum
1994 944 2304 1024 coloniae,
2369 944 2538 1010 inter
2597 941 2771 1008 male

443 1062 737 1130 put-entus
785 1053 847 1115 et
888 1049 1124 1115 iniuste
1170 1049 1557 1132 imperantes
1602 1067 1797 1132 aegra
1841 1049 2179 1132 municipia
2222 1053 2287 1115 et
2318 1048 2769 1116 discordantia.

449 1154 561 1218 His:
605 1158 761 1238 dux,
819 1154 921 1221 hic
966 1154 1310 1221 exercitus:
1375 1155 1463 1220 ibi
1530 1155 1772 1221 tributa
1818 1161 1883 1220 et
1926 1155 2188 1221 metalla
2231 1161 2297 1220 et
2342 1160 2590 1220 ceterae
2636 1172 2773 1220 ser·

445 1262 745 1322 uiantium
793 1277 1048 1342 poenae,
1104 1278 1261 1342 quas
1318 1260 1385 1326 in
1431 1265 1758 1327 aeternum
1804 1259 2083 1343 perferre
2127 1266 2239 1326 aut
2284 1263 2503 1327 statim
2549 1260 2772 1327 ulcisci

445 1370 505 1430 iu
565 1366 681 1430 buu
737 1383 960 1448 campo
1015 1371 1128 1432 est.
1219 1366 1492 1432 Proinde
1539 1367 1690 1432 ituri
1734 1367 1799 1432 in
1845 1366 2046 1433 aciem
2091 1372 2157 1432 et
2203 1368 2474 1432 maiores
2520 1371 2772 1433 vestros

340 1482 405 1534 uu
445 1478 509 1534 et
553 1478 840 1550 posteros
886 1471 1224 1554 cogitate.“

625 1582 725 1642 33.
777 1576 1097 1659 Excepere
1142 1578 1495 1643 orationem
1540 1576 1808 1657 alacres,
1857 1584 1930 1643 ut
1973 1577 2260 1644 barbaris
2306 1578 2516 1658 moris,
2577 1583 2775 1643 cantu

449 1682 824 1764 fremituque
869 1688 933 1749 et
965 1683 1345 1749 clamoribus
1375 1684 1664 1750 dissonis.
1744 1683 2003 1763 Iamque
2030 1684 2306 1766 agmina,
2352 1688 2421 1748 et
2451 1701 2773 1749 armorum

449 1786 725 1870 fulgorus
789 1788 1227 1855 audentissimi
1295 1789 1603 1870 cuiusque
1663 1806 2004 1871 procursu:
2080 1789 2269 1855 simul
2333 1788 2775 1855 instruebatur

449 1894 645 1970 auius!
709 1912 847 1958 uum
895 1895 1192 1977 Agricola
1237 1912 1617 1976 quamquam
1665 1895 1907 1960 laetum
1955 1899 2022 1959 et
2066 1894 2167 1958 vix
2213 1894 2621 1960 munimentis
2666 1913 2774 1960 co-

344 2014 372 2062 u
449 2002 713 2062 ercitum
761 1998 1027 2066 militem
1069 2000 1543 2067 accendendum
1588 1999 1799 2066 adhuc
1845 2005 2041 2080 ratuS,
2086 2000 2180 2065 ita
2229 2000 2554 2066 disseruit:

633 2106 985 2186 „Septimus
1013 2123 1216 2171 annus
1245 2112 1362 2187 est,
1397 2105 1899 2186 commilitioneS‚
1937 2124 2013 2171 ex
2047 2123 2169 2187 quo
2203 2106 2499 2188 auspiciis
2526 2105 2777 2188 imperii

457 2214 733 2290 Romanu
793 2212 1027 2277 virtute
1081 2217 1149 2278 et
1201 2209 1325 2277 fide
1368 2214 1581 2277 vestra
1628 2216 1821 2293 atque
1868 2229 2065 2293 opera
2110 2215 2329 2277 nostra
2374 2212 2776 2277 Britanniam

453 2318 705 2382 uiuiutiu÷
785 2316 904 2383 Tot
948 2316 1470 2399 expeditionibus,
1518 2322 1618 2383 tot
1660 2317 1932 2400 proeliiS,
1980 2335 2091 2383 seu
2138 2315 2506 2384 fortitudine
2552 2317 2776 2383 adver·

453 2442 557 2486 uus
605 2426 818 2490 buu-tes
863 2442 977 2489 seu
1021 2425 1328 2506 patientia
1372 2443 1448 2490 ac
1492 2424 1711 2489 labore
1756 2442 1960 2506 paene
1993 2425 2298 2490 adversus
2330 2426 2533 2506 ipsam
2564 2442 2775 2490 rerum

351 2550 413 2599 lu
453 2538 745 2595 naturum
800 2548 957 2612 opus
1012 2529 1163 2610 fuit,
1222 2549 1425 2613 neque
1470 2548 1573 2595 me
1618 2529 1886 2595 militum
1933 2548 2138 2612 neque
2183 2548 2294 2595 vos
2343 2530 2516 2595 ducis
2560 2530 2777 2612 paeni-

457 2639 597 2699 tuit..
681 2635 846 2716 Ergo
891 2638 1152 2719 egressi,
1199 2655 1317 2719 ego
1363 2640 1648 2701 veterum
1693 2635 2069 2718 legatorum,
2116 2653 2228 2701 vos
2273 2635 2555 2718 priorum
2602 2654 2777 2700 exer-

457 2743 693 2803 cituum
753 2743 1076 2823 terminoS,
1132 2740 1319 2808 finem
1373 2742 1745 2807 Britanniae
1791 2760 1914 2808 non
1961 2739 2131 2807 fama
2176 2760 2293 2807 nec
2338 2760 2608 2823 rumore,
2666 2741 2778 2806 sed

457 2851 677 2911 castris
725 2855 789 2911 et
835 2848 1025 2914 armis
1071 2854 1389 2915 tenemus:
1436 2850 1692 2914 inventa
1738 2847 2071 2914 Britannia
2115 2853 2181 2913 et
2226 2848 2509 2915 subacta.
2586 2848 2777 2929 Equi·

457 2955 597 3015 {lem
657 2971 844 3035 saepe
898 2954 963 3019 in
1019 2955 1298 3037 agmine,
1360 2974 1503 3020 cum
1555 2972 1671 3021 vos
1725 2954 1991 3036 paludes
2046 2959 2370 3020 montesve
2416 2960 2482 3019 et
2525 2952 2777 3037 flumina

352 3077 414 3123 iu
461 3055 819 3140 fatigarunt,
867 3058 1198 3126 fortissimi
1242 3060 1546 3142 cuiusque
1592 3077 1776 3126 voces
1822 3060 2183 3126 audiebam:
2231 3061 2482 3140 quando
2529 3059 2779 3125 dabitur

461 3163 673 3243 suetis,
725 3166 979 3247 quando
1027 3166 1237 3232 acies?
1311 3166 1609 3246 Veniunt,
1657 3184 1692 3229 e
1735 3165 1997 3230 latebris
2043 3166 2175 3231 suis
2221 3166 2475 3246 extrusi,
2523 3171 2590 3231 et
2634 3170 2777 3230 vota

461 3271 781 3351 virtusque
825 3270 891 3336 in
940 3277 1194 3353 aperto,
1258 3272 1594 3354 omniaque
1643 3290 1846 3353 prona
1889 3272 2264 3352 victoribuS‚
2323 3275 2512 3352 atque
2559 3270 2776 3336 eadem

461 3375 641 3439 uiutiu
705 3379 990 3445 adversa.
1048 3377 1246 3443 ‘Nam
1293 3382 1366 3443 ut
1408 3395 1748 3460 superasse
1793 3382 2044 3442 tantum
2089 3377 2354 3456 itineris,
2401 3376 2590 3441 silvas
2635 3394 2776 3441 eva·

461 3483 641 3559 uiffifl,
709 3483 1012 3547 transisse
1073 3485 1396 3548 aestuaria
1456 3483 1789 3565 pulchrum
1854 3501 1929 3549 ac
2002 3484 2298 3550 decorum
2364 3482 2427 3547 in
2487 3480 2775 3560 frontem,

352 3603 421 3651 uu
461 3591 549 3651 itu
613 3587 994 3667 fugientibus
1059 3588 1591 3670 periculosissima
1656 3607 1819 3671 quae
1881 3589 2068 3655 hodie
2132 3589 2555 3671 prosperrima
2615 3592 2775 3654 sunt.

465 3695 677 3771 Neque
725 3693 889 3758 euim
935 3692 1116 3759 nobis
1163 3698 1273 3758 aut
1317 3694 1600 3759 locorum
1648 3693 1871 3760 eadem
1917 3694 2147 3759 notitia
2178 3699 2293 3759 aut
2323 3697 2777 3759 commeatuum

461 3799 673 3863 uatium
729 3799 1135 3881 abundantia,
1182 3800 1293 3864 sed
1339 3817 1566 3864 manus
1612 3806 1679 3865 et
1724 3818 1902 3864 arma
1949 3805 2011 3865 et
2058 3800 2123 3865 in
2169 3799 2270 3865 his
2303 3800 2531 3866 omnia.
2604 3797 2779 3876 Quod

465 3907 541 3967 uz]
593 3923 689 3967 mu
737 3904 985 3985 attinet,
1042 3905 1169 3969 iam
1215 3905 1458 3987 pridem
1505 3905 1660 3970 mihi
1709 3906 2031 3970 decretum
2079 3911 2180 3971 est
2223 3922 2428 3985 neque
2474 3904 2778 3969 exercitus

465 4027 665 4091 nuque
725 4011 895 4075 [lucis
956 4014 1136 4091 terga
1195 4015 1339 4076 tuta
1396 4029 1557 4078 esse.
1649 4011 1924 4076 Proinde
1971 4015 2037 4075 et
2081 4010 2356 4076 honesta
2399 4027 2569 4076 mors
2614 4010 2779 4091 turpi

356 4131 425 4175 uu
469 4115 589 4179 vitu
641 4115 859 4195 potior,
907 4119 972 4179 et
1015 4115 1416 4181 incolumitas
1462 4134 1539 4182 ac
1584 4115 1776 4182 decus
1825 4116 2050 4182 eodem
2093 4115 2232 4181 loco
2279 4116 2406 4180 sita
2447 4120 2623 4193 sunt;
2670 4132 2782 4180 nec

465 4223 802 4299 ius-flurium
846 4217 1039 4285 fuerit
1083 4221 1146 4285 in
1193 4221 1332 4302 ipso
1379 4227 1694 4286 terrarum
1742 4240 1820 4287 ac
1863 4227 2131 4286 naturae
2177 4218 2301 4285 fine
2348 4218 2667 4286 cecidisse.
