2992 4825
310 290 315 295 ,
415 214 499 276 48
672 224 710 313 ἢ·
780 303 790 310 ,
1160 225 1337 280 Taciti
1377 224 1671 280 Germania
1707 241 1752 279 e.
1792 230 1858 281 31
1901 241 1952 280 u.
1989 226 2075 279 32.
2151 193 2158 196 ⁴

523 387 709 448 nosse
739 369 1009 447 ordineS,
1055 366 1427 452 intellegere
1459 367 1843 446 occasiones,
1890 365 2138 431 differre
2169 367 2455 448 impetuS,
2485 365 2833 445 -disponere
2897 379 2904 386 ·

523 475 704 555 diem,
771 474 1008 539 vallare
1069 479 1338 555 noctem,
1410 473 1730 539 fortunam
1795 475 1963 538 inter
2025 472 2247 550 dubia,
2312 472 2613 537 virtutem
2678 470 2838 534 inter

391 586 487 646 '10
525 587 701 646 certa
768 599 1122 670 numerare,
1192 580 1487 662 quodque
1552 571 1941 645 rarissimum
2003 597 2118 643 nec
2182 579 2301 643 nisi
2362 578 2692 643 Romanae
2759 574 2839 639 di·

525 687 830 768 sciplinae
876 703 1261 766 concessum,
1328 686 1471 768 plus
1519 704 1824 768 reponere
1871 685 1937 749 in
1999 686 2157 750 duce
2202 703 2391 767 quam
2438 686 2495 749 in
2540 684 2840 749 exercitu.

526 790 726 856 Omne
789 792 982 857 robur
1028 793 1089 857 in
1130 792 1370 873 pedite,
1439 810 1624 874 quem
1672 809 1861 873 super
1907 810 2088 857 arma
2146 791 2543 857 ferramentis
2591 806 2844 872 quoque
2904 847 2914 858 .

525 905 590 962 et
635 899 830 980 copiis
893 903 1176 963 onerant.

1273 898 1447 963 Alios
1492 898 1576 962 ad
1637 897 1943 994 proelium
2007 900 2099 963 ire
2148 899 2377 977 videaS‚
2427 896 2702 963 Chattos
2769 895 2846 960 ad

526 1003 809 1070 bellum.>
873 1005 1022 1070 Rari
1088 1022 1388 1070 excursus
1452 1010 1519 1069 et
1574 1003 1839 1069 fortuita
1898 1021 2130 1086 pugna.
2223 1004 2625 1085 Equestrium
2697 1020 2844 1067 sane

426 1122 488 1174 15
525 1110 751 1173 virium
798 1109 864 1174 id
908 1110 1249 1192 proprium,
1319 1111 1442 1175 cito
1491 1128 1720 1192 parare
1767 1110 2117 1189 victoriam,
2182 1108 2308 1175 cito
2357 1110 2608 1175 cedere:
2682 1106 2846 1172 velo·

527 1214 686 1280 citas
731 1216 906 1280 iuxta
950 1214 1364 1296 formidinem,
1412 1215 1731 1281 cunctatio
1778 1216 2033 1297 propior
2080 1216 2480 1281 constantiae
2525 1221 2645 1281 est.
2784 1286 2792 1292 ,

704 1326 806 1388 31.
875 1322 958 1386 Et
1004 1322 1143 1387 aliis
1190 1321 1649 1387 Germanorum
1696 1309 1946 1404 populis
1992 1326 2366 1403 usurpatum
2415 1339 2561 1386 raro
2603 1327 2679 1385 et
2723 1320 2846 1401 pri-

529 1434 675 1492 vata
722 1429 1024 1510 cuiusque
1071 1428 1372 1493 audentia
1424 1430 1591 1511 apud
1639 1425 1908 1492 Chattos
1954 1428 2019 1491 in
2071 1444 2446 1492 consensum
2497 1428 2713 1506 vertit,
2781 1433 2846 1490 ut

529 1534 810 1615 primum‘
854 1534 1278 1628 adoleverint,
1346 1535 1583 1601 crinem
1653 1533 2042 1615 barbamque
2107 1533 2482 1598 submittere
2546 1551 2665 1598 nec
2731 1533 2846 1596 nisi

425 1776 601 1828 nung
656 1760 787 1815 und
842 1763 1207 1832 Gcschick‚
1264 1763 1436 1817 durch
1496 1762 1583 1816 die

422 1847 552 1914 folg.
591 1847 867 1904 Infinitive
906 1851 1132 1905 erklart.

493 1957 543 2008 8.
599 1969 755 2008 nosse
787 1955 1047 2044 'ordines
1082 1956 1187 2025 vgl.
1227 1957 1340 2011 Liv.
1381 1957 1581 2024 XXIII,

423 2045 506 2109 35,
546 2044 603 2096 6:
642 2043 696 2096 in
734 2044 852 2098 acie
889 2044 1218 2113 adgnoscere
1257 2045 1493 2100 ordines.

496 2147 781 2215 disponere
826 2150 992 2203 diem:
1049 2151 1150 2205 den
1197 2152 1317 2220 'rag
1362 2151 1450 2205 fiir
1497 2152 1583 2205 die

420 2238 930 2293 vorzunehmenden
988 2239 1388 2306 Geschafte,
1452 2240 1584 2308 (Ex-

424 2326 688 2406 erzieren,
728 2328 1120 2397 Fouragieren,
1152 2330 1351 2383 Posten
1390 2329 1584 2384 stehen
1653 2401 1659 2408 .

425 2431 477 2467 u.
519 2414 650 2483 dgl.)
691 2418 1038 2472 einteilen.

496 2524 544 2580 9,.
606 2521 814 2576 vallare
874 2530 1105 2578 noctem.-
1181 2523 1299 2580 sich
1354 2523 1442 2579 for
1499 2526 1585 2579 die

425 2608 609 2664 Nacht
665 2610 836 2666 durch
892 2616 1052 2667 einen
1102 2613 1247 2669 Wall
1298 2614 1585 2682 schlitzen,

425 2696 513 2751 dic
552 2698 873 2755 Nachtruhe
911 2702 1145 2760 sichern.

502 2804 583 2858 10.
637 2804 792 2860 Rom.
832 2806 1185 2875 disciplinae.-
1234 2809 1400 2862 -auch
1443 2808 1586 2861 nach

391 2945 396 2949 ,
429 2890 544 2944 Liv.
584 2892 654 2958 11,
693 2897 761 2948 39
800 2911 911 2950 war
949 2911 1009 2949 es
1046 2896 1309 2965 offenbar,
1357 2896 1588 2950 ducibus

429 2978 747 3035 validiorem
785 2997 946 3050 quam
971 2986 1213 3038 excercitu
1248 3000 1358 3038 rem
1385 2983 1586 3038 Roma·

427 3082 556 3119 nam
591 3084 718 3124 esse.

503 3178 584 3228 11.
608 3191 944 3231 eoncessum.-
973 3176 1058 3232 als
1083 3177 1469 3245 eigentiimlich
1495 3195 1586 3231 zu·

427 3264 735 3331 gestanden
771 3265 905 3321 oder
941 3266 1266 3321 anei-kannt.

504 3374 585 3424 12.
621 3357 999 3437 ferramentis:
1026 3372 1412 3441 Schanzgerat,
1439 3379 1634 3427 nam-1

431 3457 540 3511 lich
585 3458 723 3526 Reii,
775 3460 1000 3530 Spaten,
1049 3462 1237 3516 Hacke
1284 3479 1355 3514 u.-
1389 3477 1437 3515 a.
1477 3461 1590 3529 (bei

432 3544 536 3599 den
574 3546 811 3601 Romern
848 3549 1148 3618 gefahren).
1298 3563 1303 3569 '

507 3656 588 3709 13.
627 3655 824 3722 copiis.-
849 3656 1096 3734 *Vorrate
1134 3674 1202 3710 an
1242 3624 1487 3725 Speisen.

491 3762 786 3832 proelium,
842 3779 952 3818 was
1004 3779 1107 3817 nur
1156 3764 1274 3817 Μαι
1319 3780 1367 3817 u.
1409 3761 1590 3829 Krast,

431 3850 635 3917 bellum,
687 3868 797 3907 was
836 3853 976 3907 auch
1014 3852 1464 3920 Kriegskenntnis
1506 3866 1589 3905 er·

433 3939 657 3995 fordert.
736 3941 986 3995 Dieselbe
1031 3926 1589 4008 Gegentiberstellung

432 4020 558 4083 ant'i.
593 4029 664 4096 11,
703 4032 788 4084 88.

508 4136 590 4186 14.
629 4149 916 4188 excursus:
955 4105 1279 4190 Vox-stesso(

510 4244 590 4295 15.
646 4241 826 4294 cedere
854 4241 1126 4310 'absolun
1196 4242 1251 4294 in
1305 4212 1596 4294 ahnlicher

437 4327 1004 4399 Gegeniiberstellung
1057 4345 1181 4383 ann.
1219 4328 1315 4395 IV,
1355 4333 1450 4394 bl:
1508 4327 1592 4379 his

1680 1767 1883 1829 partae
1937 1761 2202 1815 victoriae
2251 1776 2372 1828 spes
2427 1766 2494 1828 et,
2549 1761 2599 1814 si
2631 1760 2842 1825 cedant,

1688 1849 2016 1918 insiqnitius
2047 1849 2338 1918 tlaqitium.

1759 1938 1920 1993 iuxta
1973 1953 2115 1991 esse.-
2170 1937 2343 1992 neben
2399 1937 2613 2005 stehen,
2666 1936 2843 2004 gleich

1689 2026 1888 2095 gelten

1767 2118 1846 2169 16.
1883 2114 2226 2168 constantia.
2211 2101 2676 2182 Besonnenheit‚
2692 2112 2841 2167 Kali-

1687 2202 2001 2270 blutigkeit.

2151 2336 2156 2341 ’
2186 2359 2244 2417 c.
2283 2364 2369 2418 31.

1767 2475 1813 2523 1.
1851 2474 1900 2522 et
1936 2467 2108 2523 bildet
2138 2467 2238 2522 den
2263 2453 2561 2536 Ubergang
2579 2485 2652 2522 zu
2677 2469 2850 2522 einem·

1693 2573 1868 2612 neuen
1895 2557 2149 2611 Moment.
2174 2561 2505 2623 usurpatum
2523 2557 2839 2625 Apposition

1691 2663 1759 2700 zu
1798 2646 1901 2699 den
1939 2644 2018 2700 als
2059 2644 2286 2709 Subjekt
2329 2644 2711 2699 austretenden
2764 2645 2839 2699 In·

1691 2734 1936 2800 finitiven
1973 2722 2283 2787 submittere
2320 2732 2429 2786 und
2466 2748 2674 2787 exuere.
2733 2733 2841 2801 Vgl.

1695 2824 1827 2891 Agr.
1869 2827 1896 2876 1
1932 2822 2087 2889 facta
2123 2820 2357 2885 tradere,
2397 2821 2699 2888 antiquitus
2742 2822 2840 2875 usi·

1693 2916 1883 2977 tatum
1942 2909 2041 2964 Die
2075 2909 2402 2977 Apposition
2427 2908 2600 2963 findet
2623 2910 2742 2963 sich
2768 2910 2843 2964 bei

1694 3000 1825 3053 Tac.
1881 2999 2024 3052 auch
2080 3004 2234 3052 sonst
2270 2997 2410 3051 wohl
2456 2997 2842 3065 vorangestellt

1695 3088 1829 3142 oder
1864 3088 1920 3141 in
1959 3086 2317 3154 Parenthese,
2359 3086 2461 3140 wie
2499 3094 2661 3141 unten
2697 3086 2843 3155 igno-

1695 3176 2000 3230 miniosum.
2075 3174 2218 3229 Statt
2270 3174 2365 3229 des
2405 3176 2677 3230 substant.
2719 3176 2843 3230 Par-
2890 3235 2896 3243 ,
2955 3170 2958 3225 1

1691 3265 1853 3333 ticips
1908 3255 2321 3332 regelmassige'r
2373 3263 2487 3317 ein·
2513 3263 2844 3319 Relativsatz

1694 3353 1827 3409 oder
1862 3353 1951 3406 die
1989 3352 2422 3419 Umschreibung
2459 3352 2558 3405 mit
2590 3367 2692 3405 res.

1768 3447 1816 3495 2.
1855 3441 2121 3495 audentia
2162 3441 2303 3496 auch
2344 3441 2432 3495 bei
2468 3440 2673 3494 Plinius
2710 3456 2770 3493 u.
2805 3455 2844 3493 a.

1697 3536 1956 3598 spateren
1994 3528 2430 3584 Schriftstellern
2468 3527 2556 3581 fiir
2588 3527 2847 3580 audacia:

1611 3620 1616 3625 ’
1697 3619 2039 3673 Thatenlust.
2957 3672 2958 3695 3

1766 3707 1827 3758 in
1894 3720 2209 3759 consensum
2263 3705 2425 3758 vertit
2496 3705 2586 3772 (==
2643 3718 2849 3759 versum
2955 3736 2958 3773 ÷

1883 3796 1950 3848 ist
1996 3811 2065 3849 zu
2102 3794 2390 3861 allgemein
2442 3792 2677 3859 gultiger
2710 3791 2849 3846 Sitte
2955 3790 2958 3825 ἵ

1696 3796 1825 3865 est):

1695 3883 2001 3952 geworden.

1768 3978 1817 4028 3.
1889 3972 2091 4025 crinem
2161 3970 2468 4024 submittere
2538 3984 2669 4036 gew.
2719 3984 2850 4035 pro·

1697 4060 1932 4114 mittere:
1957 4060 2085 4114 wild
2104 4060 2353 4115 wachsen
2379 4057 2583 4123 lassen,
2601 4056 2851 4110 wahrend

1698 4165 1823 4203 man
1850 4163 1909 4202 es
1935 4154 2089 4203 sonst
2124 4146 2342 4202 freilich
2367 4147 2512 4200 auch
2546 4145 2672 4212 lang
2707 4150 2852 4212 trag,

1700 4238 1835 4291 aber
1873 4237 2024 4292 doch*
2049 4235 2291 4290 ordnete.
2366 4232 2672 4301 Gegensatz
2712 4225 2853 4284 reve'·

1701 4326 1816 4378 lare
1844 4326 2097 4393 frontem.
