2992 4825
313 290 319 297 ,
402 210 483 269 62
1159 220 1339 274 Taciti
1377 219 1673 274 Germania
1710 236 1757 273 c.
1794 221 1863 272 45
1902 235 1955 274 u.
1992 221 2078 274 46.

505 363 723 444 lingua
744 361 1152 426 Britannicae
1196 362 1472 445 propior.
1545 360 1817 426 Matrem
1866 361 2053 425 deum
2101 367 2505 426 venerantur.
2583 360 2855 442 Insigne

505 455 974 550 superstitionis
1020 465 1254 531 formas
1301 484 1600 547 aprorum
1647 470 1938 546 gestant:
2005 466 2072 530 id
2115 484 2231 547 pro
2280 466 2473 530 armis
2528 467 2851 531 omnium-

405 590 471 640 10
506 590 629 654 que
677 572 883 637 tutela
928 590 1220 637 securum
1268 572 1425 637 deae
1473 571 1780 636 cultorem
1827 571 2022 636 etiam
2066 572 2236 635 inter
2280 570 2481 637 hostis
2527 577 2845 653 praestat.

504 677 714 758 Rarus
744 677 913 757 ferri,
944 675 1243 758 frequens
1273 674 1540 742 fustium
1571 693 1742 743 usus
1814 676 2166 740 Frumenta
2197 684 2566 757 ceterosque
2595 674 2848 741 fructus

505 777 852 865 patientius
898 800 1085 863 quam
1133 800 1248 863 pro
1294 782 1486 847 solita
1530 782 1991 848 Germanorum
2037 781 2266 846 inertia
2310 781 2622 846 laborant.

509 894 575 953 et
619 906 790 953 mare
821 893 1209 967 scrutantur,
1256 906 1331 953 ac
1360 887 1479 952 soli
1511 887 1790 953 omnium
1823 887 2133 964 sucinum,
2178 887 2348 967 quod
2392 886 2516 968 ipsi
2542 886 2845 967 glaesum

508 998 756 1072 vocant,
820 995 986 1058 inter
1031 992 1200 1057 vada
1246 986 1443 1074 a'tque
1484 993 1551 1057 in
1596 993 1734 1075 ipso
1779 992 1969 1058 litore
2013 992 2254 1074 legunt.
2348 990 2480 1057 Nec
2523 1010 2685 1073 quae
2736 1010 2846 1056 na·

405 1112 471 1164 15
507 1102 655 1164 tura
700 1117 943 1180 quaeve
989 1099 1153 1163 ratio
1198 1099 1437 1180 gignat,
1486 1105 1561 1163 ut
1588 1097 1902 1177 barbarie,
1947 1098 2306 1178 quaesitum
2337 1102 2844 1180 compertumve3

510 1203 619 1268 diu
666 1205 815 1285 quin
862 1205 1052 1272 etiam
1097 1204 1264 1268 inter
1311 1208 1532 1269 cetera
1597 1204 2021 1268 eiectamenta
2066 1204 2256 1267 maris
2302 1202 2573 1278 iacebat,
2638 1204 2848 1268 donec

508 1309 760 1394 luxuria
805 1314 1028 1374 nostra
1072 1309 1248 1374 dedit
1293 1327 1543 1374 nomen.
1636 1308 1801 1389 Ipsis
1845 1309 1911 1373 in
1958 1307 2133 1373 nullo
2181 1324 2331 1389 usu3
2382 1307 2539 1372 rude
2583 1306 2844 1390 legitur,

507 1413 774 1480 informe
805 1414 1143 1496 perfertur,
1171 1415 1572 1496 pretiumque
1602 1414 1907 1478 mirantes
1939 1402 2290 1495 accipiunt.
2354 1412 2590 1479 Sucum
2621 1419 2846 1477 tamen

507 1520 811 1585 arborum
878 1537 1018 1585 esse
1081 1519 1434 1601 intellegas»,
1506 1520 1654 1600 quia
1707 1524 1965 1584 terrena
2022 1501 2344 1599 quaedam*
2391 1524 2586 1600 atque
2646 1519 2844 1584 etiam

403 1638 475 1689 20
509 1625 790 1692 volucria
837 1624 1135 1690 animalia
1179 1623 1552 1706 plerumque
1597 1623 1997 1701 interlucent,
2044 1642 2207 1705 quae
2251 1623 2580 1705 implicata
2624 1641 2848 1689 umore

512 1749 657 1796 mox
703 1731 1079 1795 durescente
1134 1730 1401 1795 materia
1454 1729 1815 1795 cluduntur.
1907 1730 2297 1815 Fecundiora
2350 1729 2544 1809 igitur
2582 1726 2848 1794 nemora

509 1836 828 1917 lucosque,
877 1836 1042 1901 sicut
1086 1836 1346 1901 orientis
1390 1837 1674 1915 secretis,
1723 1835 1832 1899 ubi
1876 1841 2024 1900 tura
2054 1834 2464 1916 balsamaque
2510 1834 2847 1915 sudantur,

509 1942 603 2006 ita
647 1941 990 2006 occidentis
1015 1939 1257 2005 -insulis
1304 1941 1619 2022 terrisque
1664 1942 1873 2005 inesse
1919 1940 2311 2007 crediderim.
2396 1939 2574 2019 Quae
2608 1940 2848 2005 sucina

510 2046 698 2111 vicini
744 2046 894 2111 solis
950 2046 1144 2110 radiis
1202 2064 1504 2127 expressa
1556 2053 1748 2127 atque
1794 2045 2103 2127 liquentia
2147 2046 2214 2109 in
2266 2047 2619 2126 proximum
2666 2063 2850 2111 mare

405 2163 473 2215 25
510 2152 813 2218 labuntur
858 2170 935 2217 ac
961 2152 1025 2215 vi
1053 2156 1503 2234 tempestatum
1534 2153 1600 2216 in
1632 2152 1903 2216 adversa
1933 2151 2126 2217 litora
2156 2151 2493 2218 exundant.
2559 2151 2627 2217 Si
2656 2159 2848 2217 natu-

383 2245 387 2249 *
510 2276 647 2322 ram
701 2258 901 2322 sucini
946 2257 1201 2323 admoto
1248 2248 1377 2338 igni
1422 2262 1712 2339 temptes,
1750 2257 1844 2351 ‘in
1896 2257 2152 2321 modum
2194 2257 2425 2322 taedae
2478 2258 2850 2322 accenditur

513 2363 751 2445 alitque
812 2360 1129 2428 flammam
1176 2363 1472 2445 pinguem
1521 2367 1587 2429 et
1639 2363 1940 2442 olentem3
2002 2358 2148 2429 mo'x
2203 2368 2273 2428 ut
2319 2363 2383 2428 in
2438 2361 2640 2446 picem
2687 2363 2849 2429 resi-

513 2487 737 2534 namve
790 2469 1103 2536 lentescit.

688 2574 1023 2657 Suionibus
1099 2574 1390 2653 Sitonum
1453 2579 1674 2655 gentes
1735 2575 2207 2640 continuantur.
2293 2572 2548 2639 Cetera
2607 2575 2848 2641 similes

384 2755 392 2762 .
477 2716 528 2771 8.
602 2719 826 2768 matrem
879 2713 1036 2767 deum
1095 2714 1192 2783 (lie>
1236 2714 1569 2783 preussiscb-

406 2801 703 2856 litauische
758 2801 951 2855 Gottin
1008 2800 1235 2868 Seewa,
1311 2803 1398 2857 die
1462 2803 1571 2857 sla-

406 2890 606 2943 wische
643 2889 809 2943 Ziwa.

477 2979 527 3031 9.
581 2974 793 3043 formas
851 2991 1145 3044 aprorum.-
1218 2977 1574 3047 Eberbilder,

407 3065 497 3137 ein
532 3064 919 3138 Kennzeichen
977 3064 1110 3119 oder
1150 3064 1367 3134 Symbol
1420 3067 1571 3120 ihree

410 3151 708 3207 Glaubens.

457 3240 716 3293 -omm’um
750 3239 953 3293 tutela.-
993 3240 1196 3295 Schutz
1221 3256 1395 3309 gegen
1421 3241 1572 3296 alles.

435 3395 440 3400 .
482 3332 566 3380 11.
623 3327 977 3395 patientiust·
1046 3329 1146 3382 mit
1215 3329 1387 3382 mehr.
1432 3333 1570 3383 Aus-

412 3416 598 3470 dauer.

482 3507 565 3557 12.
605 3503 863 3557 laborant
910 3520 955 3558 c.
1002 3520 1113 3558 acc.
1164 3505 1390 3573 spatlat.
1430 3511 1571 3559 statt

407 3591 471 3643 in
509 3607 555 3647 c.
593 3591 701 3645 abl.

486 3682 567 3735 13.
592 3678 847 3748 ylaeaum,
874 3695 988 3746 ags.
1008 3679 1155 3746 glas:
1181 3679 1571 3735 Bernstein.

483 3769 566 3820 14.
603 3772 812 3819 natura
869 3767 966 3836 (sc.
1025 3768 1153 3836 sit):
1209 3767 1572 3832 Naturkraft3

407 3854 591 3908 ratio:
628 3854 1045 3922 Naturprozefs.

484 3946 564 3996 15.
601 3947 665 3995 ut
700 3943 1158 4009 restringierend3
1198 3918 1305 4009 rgl,
1333 3958 1380 3998 c.
1408 3946 1495 4013 30,
1525 3946 1573 3998 6.
1609 3934 1614 3939 ’

487 4032 568 4083 17.
605 4045 829 4083 nomen.-
867 4030 992 4098 Ruf,
1031 4030 1434 4085 Ber-nhmtheit.

488 4121 568 4173 19.
614 4117 932 4186 perfertur:
1004 4119 1389 4187 uberbringen,
1450 4134 1577 4173 aus·

411 4206 627 4262 fiihrem

482 4307 669 4346 sucum
713 4298 918 4357 tamem
982 4288 1187 4349 denke:
1245 4309 1576 4362 quamquam

1680 2729 1820 2782 quae
1858 2720 2054 2769 natura
2103 2713 2278 2767 sucini
2316 2714 2387 2766 sit
2436 2713 2687 2767 barbaris
2739 2730 2849 2768 non

1682 2810 2039 2868 compertum.

1750 2909 1835 2960 23.
1873 2906 2069 2959 sucina
2105 2921 2204 2960 vor
2238 2904 2407 2959 vicini
2426 2906 2846 2974 eingeschoben‚

1680 2994 1748 3049 da
1771 3011 1910 3063 quae
1946 3001 2098 3049 sonst
2119 2994 2260 3047 ohne
2290 2993 2450 3048 klare
2479 2994 2589 3047 und
2626 2993 2847 3048 scharfe

1678 3081 1998 3149 Beziehung
2043 3082 2210 3136 steht.
2270 3081 2353 3135 Zu
2390 3081 2571 3148 vicini,
2611 3082 2847 3137 welches

1679 3169 1768 3224 die
1818 3170 1989 3239 irrige
2026 3169 2385 3237 Vorstellung
2431 3169 2662 3234 euthalt‚
2729 3170 2849 3224 dass
2899 3189 2904 3195 ’

1678 3256 1770 3311 die
1797 3257 1977 3312 Sonne
2014 3267 2156 3312 etwa
2191 3260 2264 3312 im
2292 3258 2536 3312 Sommer
2571 3259 2721 3313 nahe
2750 3261 2849 3326 sei,

1678 3344 1784 3412 vgl.
1825 3345 1957 3399 Hor.
1998 3362 2045 3400 c.
2082 3345 2127 3414 1,
2159 3349 2249 3412 22,
2272 3349 2340 3400 21
2369 3347 2667 3415 propinqui
2696 3348 2849 3402 solis.

1749 3453 1833 3526 25.
1872 3450 2163 3504 labuntur.-
2209 3453 2448 3523 rinnen„

1750 3555 1984 3610 adversa
2027 3557 2446 3637 ‚gegenuber
2520 3557 2619 3612 der
2693 3559 2848 3613 Him-

1680 3645 2050 3713 melsgegend2
2078 3660 2180 3699 aus
2218 3645 2454 3699 welcher
2498 3646 2587 3699 die
2627 3645 2849 3701 Stin-me

1682 3733 1889 3788 wehen.

1751 3842 1838 3892 27.
1868 3838 2157 3907 pinquem:
2196 3839 2448 3907 qualmig.

1751 3949 1815 3996 ut
1856 3944 1922 3995 in
1968 3943 2143 4011 picem
2194 3943 2463 3997 lentescit:
2518 3944 2657 3999 vird
2714 3945 2854 4000 zahe

1683 4032 1787 4085 wie
1836 4031 1980 4085 nach
2018 4033 2125 4085 Art
2174 4048 2280 4085 von
2321 4032 2467 4087 Pech
2505 4032 2645 4087 oder
2680 4033 2855 4090 Harz.

1754 4122 1840 4174 29.
1876 4119 2309 4174 continuantur.-
2383 4121 2640 4176 reihen
2697 4122 2862 4176 sich*

1685 4224 1793 4274 an,
1830 4224 2132 4276 grenzen
2169 4225 2249 4264 an
2288 4238 2352 4248 —
2392 4208 2505 4283 und
2532 4225 2685 4263 zwar
2713 4211 2857 4265 nach

1682 4296 1911 4351 Norden
1947 4296 2061 4350 hin.

2718 780 2880 846 Sed.
2967 821 2968 834 η
