<?xml version="1.0" encoding="UTF-8"?>
<!DOCTYPE html PUBLIC "-//W3C//DTD XHTML 1.0 Transitional//EN"
    "http://www.w3.org/TR/xhtml1/DTD/xhtml1-transitional.dtd">
<html xmlns="http://www.w3.org/1999/xhtml" xml:lang="en" lang="en">
 <head>
  <title>
</title>
<meta http-equiv="Content-Type" content="text/html;charset=utf-8" />
  <meta name='ocr-system' content='tesseract 3.04.00' />
  <meta name='ocr-capabilities' content='ocr_page ocr_carea ocr_par ocr_line ocrx_word'/>
</head>
<body>
  <div class='ocr_page' id='page_1' title='image "./corneliitacitid00tcgoog_0285.png"; bbox 0 0 2992 4825; ppageno 0'>
   <div class='ocr_carea' id='block_1_1' title="bbox 760 217 2557 296">
    <p class='ocr_par' dir='ltr' id='par_1_1' title="bbox 760 217 2557 296">
     <span class='ocr_line' id='line_1_1' title="bbox 760 217 2557 296; baseline -0.003 -14"><span class='ocrx_word' id='word_1_1' title='bbox 760 224 961 282; x_wconf 87' lang='lat' dir='ltr'><strong>Schild.</strong></span> <span class='ocrx_word' id='word_1_2' title='bbox 1001 226 1096 282; x_wconf 85' lang='lat' dir='ltr'><strong>des</strong></span> <span class='ocrx_word' id='word_1_3' title='bbox 1132 227 1306 285; x_wconf 69' lang='lat' dir='ltr'><strong>hausi,</strong></span> <span class='ocrx_word' id='word_1_4' title='bbox 1347 221 1577 283; x_wconf 71' lang='lat' dir='ltr'><strong>LebenS.</strong></span> <span class='ocrx_word' id='word_1_5' title='bbox 1652 232 1699 282; x_wconf 91' lang='lat'><strong>7.</strong></span> <span class='ocrx_word' id='word_1_6' title='bbox 1741 227 1941 296; x_wconf 86' lang='lat' dir='ltr'><strong>Spiele.</strong></span> <span class='ocrx_word' id='word_1_7' title='bbox 2477 217 2557 277; x_wconf 86' lang='lat'><strong>39</strong></span> 
     </span>
    </p>
   </div>
   <div class='ocr_carea' id='block_1_2' title="bbox 80 369 2527 1192">
    <p class='ocr_par' dir='ltr' id='par_1_2' title="bbox 80 369 2527 1071">
     <span class='ocr_line' id='line_1_2' title="bbox 314 369 2457 453; baseline 0 -18"><span class='ocrx_word' id='word_1_8' title='bbox 314 373 419 437; x_wconf 85' lang='lat'><strong>23.</strong></span> <span class='ocrx_word' id='word_1_9' title='bbox 489 369 674 435; x_wconf 91' lang='lat' dir='ltr'><strong>Potui</strong></span> <span class='ocrx_word' id='word_1_10' title='bbox 720 388 904 436; x_wconf 89' lang='lat' dir='ltr'><strong>umor</strong></span> <span class='ocrx_word' id='word_1_11' title='bbox 947 389 1023 436; x_wconf 89' lang='lat' dir='ltr'><strong>ex</strong></span> <span class='ocrx_word' id='word_1_12' title='bbox 1068 370 1305 436; x_wconf 87' lang='lat' dir='ltr'><strong>hordeo</strong></span> <span class='ocrx_word' id='word_1_13' title='bbox 1353 376 1465 436; x_wconf 91' lang='lat' dir='ltr'><strong>aut</strong></span> <span class='ocrx_word' id='word_1_14' title='bbox 1510 369 1842 453; x_wconf 88' lang='lat' dir='ltr'><strong>frumento,</strong></span> <span class='ocrx_word' id='word_1_15' title='bbox 1883 369 1980 435; x_wconf 77' lang='lat' dir='ltr'><strong>in&#39;</strong></span> <span class='ocrx_word' id='word_1_16' title='bbox 2008 371 2325 452; x_wconf 88' lang='lat' dir='ltr'><strong>quandam</strong></span> <span class='ocrx_word' id='word_1_17' title='bbox 2371 371 2457 436; x_wconf 87' lang='lat' dir='ltr'><strong>si-</strong></span> 
     </span>
     <span class='ocr_line' id='line_1_3' title="bbox 80 473 2458 558; baseline 0.002 -21"><span class='ocrx_word' id='word_1_18' title='bbox 80 473 549 540; x_wconf 86' lang='lat' dir='ltr'><strong>militudinem</strong></span> <span class='ocrx_word' id='word_1_19' title='bbox 596 475 725 540; x_wconf 87' lang='lat' dir='ltr'><strong>vini</strong></span> <span class='ocrx_word' id='word_1_20' title='bbox 769 482 1135 558; x_wconf 87' lang='lat' dir='ltr'><strong>corruptus;</strong></span> <span class='ocrx_word' id='word_1_21' title='bbox 1183 477 1449 558; x_wconf 87' lang='lat' dir='ltr'><strong>proximi</strong></span> <span class='ocrx_word' id='word_1_22' title='bbox 1487 477 1669 558; x_wconf 89' lang='lat' dir='ltr'><strong>ripae</strong></span> <span class='ocrx_word' id='word_1_23' title='bbox 1717 482 1782 542; x_wconf 88' lang='lat' dir='ltr'><strong>et</strong></span> <span class='ocrx_word' id='word_1_24' title='bbox 1825 478 2040 542; x_wconf 87' lang='lat' dir='ltr'><strong>vinum</strong></span> <span class='ocrx_word' id='word_1_25' title='bbox 2071 481 2458 544; x_wconf 87' lang='lat' dir='ltr'><strong>mercantur.</strong></span> 
     </span>
     <span class='ocr_line' id='line_1_4' title="bbox 84 576 2457 664; baseline 0.002 -22"><span class='ocrx_word' id='word_1_26' title='bbox 84 576 280 644; x_wconf 83' lang='lat' dir='ltr'>Cibi</span> <span class='ocrx_word' id='word_1_27' title='bbox 326 580 671 662; x_wconf 87' lang='lat' dir='ltr'><strong>simplices:</strong></span> <span class='ocrx_word' id='word_1_28' title='bbox 717 582 999 664; x_wconf 84' lang='lat' dir='ltr'><strong>agrestia</strong></span> <span class='ocrx_word' id='word_1_29' title='bbox 1043 600 1250 663; x_wconf 89' lang='lat' dir='ltr'><strong>poma,</strong></span> <span class='ocrx_word' id='word_1_30' title='bbox 1300 600 1522 648; x_wconf 88' lang='lat' dir='ltr'><strong>recens</strong></span> <span class='ocrx_word' id='word_1_31' title='bbox 1567 581 1704 648; x_wconf 87' lang='lat' dir='ltr'><strong>fera</strong></span> <span class='ocrx_word' id='word_1_32' title='bbox 1751 587 1865 648; x_wconf 90' lang='lat' dir='ltr'><strong>aut</strong></span> <span class='ocrx_word' id='word_1_33' title='bbox 1910 582 2009 648; x_wconf 88' lang='lat' dir='ltr'><strong>lac</strong></span> <span class='ocrx_word' id='word_1_34' title='bbox 2065 578 2457 661; x_wconf 76' lang='lat' dir='ltr'><strong>concretum;</strong></span> 
     </span>
     <span class='ocr_line' id='line_1_5' title="bbox 87 685 2457 781; baseline 0.002 -32"><span class='ocrx_word' id='word_1_35' title='bbox 87 685 273 750; x_wconf 83' lang='lat' dir='ltr'><strong>sine</strong></span> <span class='ocrx_word' id='word_1_36' title='bbox 319 692 649 767; x_wconf 88' lang='lat' dir='ltr'><strong>apparatu,</strong></span> <span class='ocrx_word' id='word_1_37' title='bbox 713 687 851 752; x_wconf 91' lang='lat' dir='ltr'><strong>sine</strong></span> <span class='ocrx_word' id='word_1_38' title='bbox 906 686 1355 753; x_wconf 80' lang='lat' dir='ltr'><strong>blandimentis</strong></span> <span class='ocrx_word' id='word_1_39' title='bbox 1418 687 1747 771; x_wconf 88' lang='lat' dir='ltr'><strong>expellunt</strong></span> <span class='ocrx_word' id='word_1_40' title='bbox 1789 687 2041 756; x_wconf 84' lang='lat' dir='ltr'><strong>famem.</strong></span> <span class='ocrx_word' id='word_1_41' title='bbox 2081 775 2088 781; x_wconf 26' lang='lat'>⁸</span> <span class='ocrx_word' id='word_1_42' title='bbox 2134 689 2457 753; x_wconf 83' lang='lat' dir='ltr'><strong>Adversus</strong></span> 
     </span>
     <span class='ocr_line' id='line_1_6' title="bbox 89 788 2527 877; baseline 0.001 -21"><span class='ocrx_word' id='word_1_43' title='bbox 89 791 309 856; x_wconf 84' lang='lat' dir='ltr'><strong>sitim</strong></span> <span class='ocrx_word' id='word_1_44' title='bbox 342 788 466 856; x_wconf 83' lang='lat' dir='ltr'><strong>non</strong></span> <span class='ocrx_word' id='word_1_45' title='bbox 499 792 716 858; x_wconf 87' lang='lat' dir='ltr'><strong>eadem</strong></span> <span class='ocrx_word' id='word_1_46' title='bbox 748 794 1188 874; x_wconf 78' lang='lat' dir='ltr'><strong>temperantia.</strong></span> <span class='ocrx_word' id='word_1_47' title='bbox 1269 793 1334 859; x_wconf 90' lang='lat' dir='ltr'><strong>Si</strong></span> <span class='ocrx_word' id='word_1_48' title='bbox 1365 794 1703 860; x_wconf 86' lang='lat' dir='ltr'><strong>indulseris</strong></span> <span class='ocrx_word' id='word_1_49' title='bbox 1734 795 2028 861; x_wconf 79' lang='lat' dir='ltr'><strong>ebrietati</strong></span> <span class='ocrx_word' id='word_1_50' title='bbox 2059 795 2455 877; x_wconf 86' lang='lat' dir='ltr'><strong>suggerendo</strong></span> <span class='ocrx_word' id='word_1_51' title='bbox 2495 817 2527 867; x_wconf 86' lang='lat'><strong>5</strong></span> 
     </span>
     <span class='ocr_line' id='line_1_7' title="bbox 91 899 2460 989; baseline 0.002 -28"><span class='ocrx_word' id='word_1_52' title='bbox 91 903 439 978; x_wconf 88' lang='lat' dir='ltr'><strong>quantum</strong></span> <span class='ocrx_word' id='word_1_53' title='bbox 505 899 972 981; x_wconf 87' lang='lat' dir='ltr'><strong>concupiscunt,</strong></span> <span class='ocrx_word' id='word_1_54' title='bbox 1038 899 1209 965; x_wconf 89' lang='lat' dir='ltr'><strong>haud</strong></span> <span class='ocrx_word' id='word_1_55' title='bbox 1273 900 1484 965; x_wconf 85' lang='lat' dir='ltr'><strong>minus</strong></span> <span class='ocrx_word' id='word_1_56' title='bbox 1547 900 1734 966; x_wconf 89' lang='lat' dir='ltr'><strong>facile</strong></span> <span class='ocrx_word' id='word_1_57' title='bbox 1778 899 1951 989; x_wconf 77' lang='lat' dir='ltr'><strong>vitiis</strong></span> <span class='ocrx_word' id='word_1_58' title='bbox 2013 919 2202 982; x_wconf 89' lang='lat' dir='ltr'><strong>quam</strong></span> <span class='ocrx_word' id='word_1_59' title='bbox 2266 900 2460 966; x_wconf 88' lang='lat' dir='ltr'><strong>armis</strong></span> 
     </span>
     <span class='ocr_line' id='line_1_8' title="bbox 92 1003 484 1071; baseline 0.005 -3"><span class='ocrx_word' id='word_1_60' title='bbox 92 1003 484 1071; x_wconf 83' lang='lat' dir='ltr'><strong>vincentur.</strong></span> 
     </span>
    </p>

    <p class='ocr_par' dir='ltr' id='par_1_3' title="bbox 1107 1125 1560 1192">
     <span class='ocr_line' id='line_1_9' title="bbox 1107 1125 1560 1192; baseline -0.004 -12"><span class='ocrx_word' id='word_1_61' title='bbox 1107 1125 1170 1180; x_wconf 76' lang='lat'><strong>¹7.</strong></span> <span class='ocrx_word' id='word_1_62' title='bbox 1225 1125 1495 1192; x_wconf 78' lang='lat' dir='ltr'><strong>Spiele.</strong></span> <span class='ocrx_word' id='word_1_63' title='bbox 1553 1171 1560 1178; x_wconf 93' lang='lat'><strong>.</strong></span> 
     </span>
    </p>
   </div>
   <div class='ocr_carea' id='block_1_3' title="bbox 318 1233 2456 1317">
    <p class='ocr_par' dir='ltr' id='par_1_4' title="bbox 318 1233 2456 1317">
     <span class='ocr_line' id='line_1_10' title="bbox 318 1233 2456 1317; baseline 0.003 -20"><span class='ocrx_word' id='word_1_64' title='bbox 318 1237 419 1300; x_wconf 87' lang='grc'><strong>24.</strong></span> <span class='ocrx_word' id='word_1_65' title='bbox 468 1234 680 1299; x_wconf 85' lang='lat' dir='ltr'><strong>Genus</strong></span> <span class='ocrx_word' id='word_1_66' title='bbox 727 1233 1227 1316; x_wconf 80' lang='lat' dir='ltr'><strong>spectaculorum</strong></span> <span class='ocrx_word' id='word_1_67' title='bbox 1268 1253 1461 1299; x_wconf 91' lang='lat' dir='ltr'><strong>unum</strong></span> <span class='ocrx_word' id='word_1_68' title='bbox 1510 1241 1702 1317; x_wconf 89' lang='lat' dir='ltr'><strong>atque</strong></span> <span class='ocrx_word' id='word_1_69' title='bbox 1746 1236 1811 1301; x_wconf 90' lang='lat' dir='ltr'><strong>in</strong></span> <span class='ocrx_word' id='word_1_70' title='bbox 1858 1236 2026 1302; x_wconf 91' lang='lat' dir='ltr'><strong>omni</strong></span> <span class='ocrx_word' id='word_1_71' title='bbox 2058 1240 2239 1302; x_wconf 90' lang='lat' dir='ltr'><strong>coetu</strong></span> <span class='ocrx_word' id='word_1_72' title='bbox 2270 1235 2456 1303; x_wconf 91' lang='lat' dir='ltr'><strong>idem.</strong></span> 
     </span>
    </p>
   </div>
   <div class='ocr_carea' id='block_1_4' title="bbox 101 1325 2530 2061">
    <p class='ocr_par' dir='ltr' id='par_1_5' title="bbox 101 1325 2530 2061">
     <span class='ocr_line' id='line_1_11' title="bbox 101 1325 2461 1424; baseline 0.002 -21"><span class='ocrx_word' id='word_1_73' title='bbox 101 1337 307 1404; x_wconf 88' lang='lat' dir='ltr'><strong>Nudi</strong></span> <span class='ocrx_word' id='word_1_74' title='bbox 352 1339 629 1420; x_wconf 85' lang='lat' dir='ltr'><strong>iuvenes,</strong></span> <span class='ocrx_word' id='word_1_75' title='bbox 696 1340 923 1422; x_wconf 89' lang='lat' dir='ltr'><strong>quibus</strong></span> <span class='ocrx_word' id='word_1_76' title='bbox 967 1340 1034 1405; x_wconf 91' lang='lat' dir='ltr'><strong>id</strong></span> <span class='ocrx_word' id='word_1_77' title='bbox 1092 1325 1407 1406; x_wconf 85' lang='lat' dir='ltr'><strong>ludicrum</strong></span> <span class='ocrx_word' id='word_1_78' title='bbox 1454 1346 1571 1423; x_wconf 88' lang='lat' dir='ltr'><strong>est,</strong></span> <span class='ocrx_word' id='word_1_79' title='bbox 1637 1343 1800 1408; x_wconf 88' lang='lat' dir='ltr'><strong>inter</strong></span> <span class='ocrx_word' id='word_1_80' title='bbox 1863 1343 2107 1423; x_wconf 85' lang='lat' dir='ltr'><strong>gladios</strong></span> <span class='ocrx_word' id='word_1_81' title='bbox 2153 1360 2222 1406; x_wconf 85' lang='lat' dir='ltr'><strong>se</strong></span> <span class='ocrx_word' id='word_1_82' title='bbox 2267 1351 2461 1424; x_wconf 91' lang='lat' dir='ltr'><strong>atque</strong></span> 
     </span>
     <span class='ocr_line' id='line_1_12' title="bbox 105 1443 2460 1531; baseline 0.001 -21"><span class='ocrx_word' id='word_1_83' title='bbox 105 1443 399 1511; x_wconf 88' lang='lat' dir='ltr'><strong>infestas</strong></span> <span class='ocrx_word' id='word_1_84' title='bbox 446 1445 723 1512; x_wconf 84' lang='lat' dir='ltr'><strong>frameas</strong></span> <span class='ocrx_word' id='word_1_85' title='bbox 769 1446 936 1511; x_wconf 89' lang='lat' dir='ltr'><strong>saltu</strong></span> <span class='ocrx_word' id='word_1_86' title='bbox 981 1448 1238 1515; x_wconf 91' lang='lat' dir='ltr'><strong>iaciunt.</strong></span> <span class='ocrx_word' id='word_1_87' title='bbox 1319 1449 1717 1514; x_wconf 68' lang='lat' dir='ltr'><strong>&#39;Exercitatio</strong></span> <span class='ocrx_word' id='word_1_88' title='bbox 1771 1456 1972 1515; x_wconf 86' lang='lat' dir='ltr'><strong>artem</strong></span> <span class='ocrx_word' id='word_1_89' title='bbox 2020 1449 2286 1531; x_wconf 83' lang='lat' dir='ltr'><strong>paravit,</strong></span> <span class='ocrx_word' id='word_1_90' title='bbox 2354 1467 2460 1515; x_wconf 89' lang='lat' dir='ltr'><strong>ars</strong></span> 
     </span>
     <span class='ocr_line' id='line_1_13' title="bbox 111 1551 2460 1637; baseline 0.002 -21"><span class='ocrx_word' id='word_1_91' title='bbox 111 1551 453 1633; x_wconf 83' lang='lat' dir='ltr'><strong>decorem,</strong></span> <span class='ocrx_word' id='word_1_92' title='bbox 504 1571 628 1619; x_wconf 92' lang='lat' dir='ltr'><strong>non</strong></span> <span class='ocrx_word' id='word_1_93' title='bbox 675 1554 743 1618; x_wconf 77' lang='lat' dir='ltr'><strong>in·</strong></span> <span class='ocrx_word' id='word_1_94' title='bbox 785 1558 1118 1634; x_wconf 89' lang='lat' dir='ltr'><strong>quaestum</strong></span> <span class='ocrx_word' id='word_1_95' title='bbox 1163 1559 1375 1619; x_wconf 89' lang='lat' dir='ltr'><strong>tamen</strong></span> <span class='ocrx_word' id='word_1_96' title='bbox 1424 1561 1538 1620; x_wconf 90' lang='lat' dir='ltr'><strong>aut</strong></span> <span class='ocrx_word' id='word_1_97' title='bbox 1584 1557 1965 1635; x_wconf 84' lang='lat' dir='ltr'><strong>mercedem3</strong></span> <span class='ocrx_word' id='word_1_98' title='bbox 2020 1556 2308 1637; x_wconf 86' lang='lat' dir='ltr'><strong>quamvis</strong></span> <span class='ocrx_word' id='word_1_99' title='bbox 2353 1574 2460 1620; x_wconf 91' lang='lat' dir='ltr'><strong>au·</strong></span> 
     </span>
     <span class='ocr_line' id='line_1_14' title="bbox 111 1657 2530 1744; baseline 0.002 -21"><span class='ocrx_word' id='word_1_100' title='bbox 111 1658 315 1732; x_wconf 80' lang='lat' dir='ltr'><strong>dacis</strong></span> <span class='ocrx_word' id='word_1_101' title='bbox 360 1657 660 1725; x_wconf 88' lang='lat' dir='ltr'><strong>lasciviae</strong></span> <span class='ocrx_word' id='word_1_102' title='bbox 706 1661 982 1741; x_wconf 85' lang='lat' dir='ltr'><strong>pretium</strong></span> <span class='ocrx_word' id='word_1_103' title='bbox 1031 1663 1132 1725; x_wconf 87' lang='lat' dir='ltr'><strong>est</strong></span> <span class='ocrx_word' id='word_1_104' title='bbox 1162 1660 1452 1743; x_wconf 88' lang='lat' dir='ltr'><strong>voluptas</strong></span> <span class='ocrx_word' id='word_1_105' title='bbox 1486 1662 1927 1743; x_wconf 83' lang='lat' dir='ltr'><strong>spectantium.</strong></span> <span class='ocrx_word' id='word_1_106' title='bbox 2005 1661 2242 1742; x_wconf 89' lang='lat' dir='ltr'><strong>Aleam,</strong></span> <span class='ocrx_word' id='word_1_107' title='bbox 2293 1663 2459 1744; x_wconf 89' lang='lat' dir='ltr'><strong>quod</strong></span> <span class='ocrx_word' id='word_1_108' title='bbox 2498 1681 2530 1734; x_wconf 80' lang='lat'>5</span> 
     </span>
     <span class='ocr_line' id='line_1_15' title="bbox 114 1764 2462 1861; baseline 0.001 -33"><span class='ocrx_word' id='word_1_109' title='bbox 114 1764 389 1844; x_wconf 89' lang='lat' dir='ltr'><strong>mirere,</strong></span> <span class='ocrx_word' id='word_1_110' title='bbox 455 1766 649 1830; x_wconf 88' lang='lat' dir='ltr'><strong>sobrii</strong></span> <span class='ocrx_word' id='word_1_111' title='bbox 694 1765 863 1830; x_wconf 88' lang='lat' dir='ltr'><strong>inter</strong></span> <span class='ocrx_word' id='word_1_112' title='bbox 907 1768 1075 1831; x_wconf 89' lang='lat' dir='ltr'><strong>seria</strong></span> <span class='ocrx_word' id='word_1_113' title='bbox 1119 1773 1429 1847; x_wconf 86' lang='lat' dir='ltr'><strong>exercent,</strong></span> <span class='ocrx_word' id='word_1_114' title='bbox 1493 1772 1678 1833; x_wconf 89' lang='lat' dir='ltr'><strong>tanta</strong></span> <span class='ocrx_word' id='word_1_115' title='bbox 1732 1767 2018 1861; x_wconf 83' lang='lat' dir='ltr'><strong>lucrandi</strong></span> <span class='ocrx_word' id='word_1_116' title='bbox 2077 1767 2462 1850; x_wconf 89' lang='lat' dir='ltr'><strong>perdendive</strong></span> 
     </span>
     <span class='ocr_line' id='line_1_16' title="bbox 111 1865 2462 1954; baseline 0.003 -21"><span class='ocrx_word' id='word_1_117' title='bbox 111 1871 516 1951; x_wconf 84' lang='lat' dir='ltr'><strong>temeritate,</strong></span> <span class='ocrx_word' id='word_1_118' title='bbox 583 1875 674 1950; x_wconf 89' lang='lat' dir='ltr'><strong>ut,</strong></span> <span class='ocrx_word' id='word_1_119' title='bbox 736 1891 876 1937; x_wconf 91' lang='lat' dir='ltr'><strong>cum</strong></span> <span class='ocrx_word' id='word_1_120' title='bbox 942 1873 1149 1937; x_wconf 91' lang='lat' dir='ltr'><strong>omnia</strong></span> <span class='ocrx_word' id='word_1_121' title='bbox 1215 1872 1593 1954; x_wconf 88' lang='lat' dir='ltr'><strong>defecerunt,</strong></span> <span class='ocrx_word' id='word_1_122' title='bbox 1656 1878 1934 1939; x_wconf 88' lang='lat' dir='ltr'><strong>extremo</strong></span> <span class='ocrx_word' id='word_1_123' title='bbox 1991 1892 2063 1938; x_wconf 91' lang='lat' dir='ltr'><strong>ac</strong></span> <span class='ocrx_word' id='word_1_124' title='bbox 2123 1865 2462 1939; x_wconf 87' lang='lat' dir='ltr'><strong>novissimo</strong></span> 
     </span>
     <span class='ocr_line' id='line_1_17' title="bbox 118 1970 2493 2061; baseline 0.001 -20"><span class='ocrx_word' id='word_1_125' title='bbox 118 1978 309 2042; x_wconf 88' lang='lat' dir='ltr'><strong>iactu</strong></span> <span class='ocrx_word' id='word_1_126' title='bbox 342 1978 419 2042; x_wconf 91' lang='lat' dir='ltr'><strong>de</strong></span> <span class='ocrx_word' id='word_1_127' title='bbox 452 1978 747 2043; x_wconf 88' lang='lat' dir='ltr'><strong>libertate</strong></span> <span class='ocrx_word' id='word_1_128' title='bbox 787 1970 973 2044; x_wconf 65' lang='lat' dir='ltr'><strong>ac&#39;de</strong></span> <span class='ocrx_word' id='word_1_129' title='bbox 1007 1979 1265 2061; x_wconf 88' lang='lat' dir='ltr'><strong>corpore</strong></span> <span class='ocrx_word' id='word_1_130' title='bbox 1305 1980 1711 2047; x_wconf 89' lang='lat' dir='ltr'><strong>contendant.</strong></span> <span class='ocrx_word' id='word_1_131' title='bbox 1783 1979 2493 2051; x_wconf 78' lang='lat' dir='ltr'><strong>Victusvoluntariam-</strong></span> 
     </span>
    </p>
   </div>
   <div class='ocr_carea' id='block_1_5' title="bbox 126 2188 1315 4029">
    <p class='ocr_par' dir='ltr' id='par_1_6' title="bbox 542 2188 808 2252">
     <span class='ocr_line' id='line_1_18' title="bbox 542 2188 808 2252; baseline 0 -9"><span class='ocrx_word' id='word_1_132' title='bbox 542 2245 553 2252; x_wconf 82' lang='grc'><strong>,</strong></span> <span class='ocrx_word' id='word_1_133' title='bbox 626 2188 682 2243; x_wconf 91' lang='lat' dir='ltr'><strong>C.</strong></span> <span class='ocrx_word' id='word_1_134' title='bbox 720 2192 808 2243; x_wconf 85' lang='lat'><strong>23.</strong></span> 
     </span>
    </p>

    <p class='ocr_par' dir='ltr' id='par_1_7' title="bbox 214 2276 717 2334">
     <span class='ocr_line' id='line_1_19' title="bbox 214 2276 717 2334; baseline 0.004 -4"><span class='ocrx_word' id='word_1_135' title='bbox 214 2280 258 2334; x_wconf 91' lang='lat'><strong>1.</strong></span> <span class='ocrx_word' id='word_1_136' title='bbox 301 2276 473 2330; x_wconf 76' lang='lat' dir='ltr'><strong>Potui</strong></span> <span class='ocrx_word' id='word_1_137' title='bbox 512 2293 588 2332; x_wconf 84' lang='lat' dir='ltr'><strong>sc.</strong></span> <span class='ocrx_word' id='word_1_138' title='bbox 626 2284 717 2332; x_wconf 81' lang='lat' dir='ltr'><strong>est.</strong></span> 
     </span>
    </p>

    <p class='ocr_par' dir='ltr' id='par_1_8' title="bbox 204 2365 1175 2433">
     <span class='ocr_line' id='line_1_20' title="bbox 204 2365 1175 2433; baseline 0.004 -14"><span class='ocrx_word' id='word_1_139' title='bbox 204 2365 544 2433; x_wconf 76' lang='lat' dir='ltr'><strong>frumentum</strong></span> <span class='ocrx_word' id='word_1_140' title='bbox 581 2367 851 2423; x_wconf 83' lang='lat' dir='ltr'><strong>wahrsch.</strong></span> <span class='ocrx_word' id='word_1_141' title='bbox 890 2368 959 2422; x_wconf 90' lang='lat' dir='ltr'>W</span> <span class='ocrx_word' id='word_1_142' title='bbox 971 2386 999 2422; x_wconf 86' lang='lat' dir='ltr'><strong>c</strong></span> <span class='ocrx_word' id='word_1_143' title='bbox 1015 2368 1071 2422; x_wconf 91' lang='lat' dir='ltr'><strong>iz</strong></span> <span class='ocrx_word' id='word_1_144' title='bbox 1084 2383 1112 2423; x_wconf 92' lang='lat' dir='ltr'><strong>e</strong></span> <span class='ocrx_word' id='word_1_145' title='bbox 1124 2384 1175 2423; x_wconf 89' lang='lat' dir='ltr'><strong>n.</strong></span> 
     </span>
    </p>

    <p class='ocr_par' dir='ltr' id='par_1_9' title="bbox 126 2455 1307 2882">
     <span class='ocr_line' id='line_1_21' title="bbox 203 2455 1302 2533; baseline 0.003 -26"><span class='ocrx_word' id='word_1_146' title='bbox 203 2455 272 2508; x_wconf 76' lang='lat' dir='ltr'><strong>in</strong></span> <span class='ocrx_word' id='word_1_147' title='bbox 299 2455 576 2522; x_wconf 78' lang='lat' dir='ltr'><strong>quandam</strong></span> <span class='ocrx_word' id='word_1_148' title='bbox 602 2455 1014 2533; x_wconf 64' lang='lat' dir='ltr'><strong>similitudinem</strong></span> <span class='ocrx_word' id='word_1_149' title='bbox 1037 2457 1153 2509; x_wconf 80' lang='lat' dir='ltr'><strong>vini</strong></span> <span class='ocrx_word' id='word_1_150' title='bbox 1188 2472 1302 2510; x_wconf 86' lang='lat' dir='ltr'><strong>cor-</strong></span> 
     </span>
     <span class='ocr_line' id='line_1_22' title="bbox 126 2530 1303 2621; baseline 0.003 -24"><span class='ocrx_word' id='word_1_151' title='bbox 126 2549 369 2612; x_wconf 78' lang='lat' dir='ltr'><strong>ruptus.-</strong></span> <span class='ocrx_word' id='word_1_152' title='bbox 424 2545 530 2599; x_wconf 86' lang='lat' dir='ltr'><strong>den</strong></span> <span class='ocrx_word' id='word_1_153' title='bbox 565 2560 691 2599; x_wconf 86' lang='lat' dir='ltr'><strong>man</strong></span> <span class='ocrx_word' id='word_1_154' title='bbox 742 2544 913 2599; x_wconf 84' lang='lat' dir='ltr'><strong>durch</strong></span> <span class='ocrx_word' id='word_1_155' title='bbox 952 2530 1193 2613; x_wconf 73' lang='lat' dir='ltr'><strong>&#39;Garung</strong></span> <span class='ocrx_word' id='word_1_156' title='bbox 1247 2547 1303 2621; x_wconf 78' lang='lat' dir='ltr'><strong>in</strong></span> 
     </span>
     <span class='ocr_line' id='line_1_23' title="bbox 128 2633 1302 2702; baseline 0.001 -14"><span class='ocrx_word' id='word_1_157' title='bbox 128 2634 261 2688; x_wconf 91' lang='lat' dir='ltr'><strong>eine</strong></span> <span class='ocrx_word' id='word_1_158' title='bbox 302 2637 407 2687; x_wconf 83' lang='lat' dir='ltr'><strong>Art</strong></span> <span class='ocrx_word' id='word_1_159' title='bbox 433 2633 596 2689; x_wconf 88' lang='lat' dir='ltr'><strong>Wein</strong></span> <span class='ocrx_word' id='word_1_160' title='bbox 633 2634 982 2690; x_wconf 77' lang='lat' dir='ltr'><strong>verwandelt.</strong></span> <span class='ocrx_word' id='word_1_161' title='bbox 1037 2635 1158 2702; x_wconf 83' lang='lat' dir='ltr'><strong>Vgl.</strong></span> <span class='ocrx_word' id='word_1_162' title='bbox 1199 2635 1302 2689; x_wconf 87' lang='lat' dir='ltr'><strong>den</strong></span> 
     </span>
     <span class='ocr_line' id='line_1_24' title="bbox 130 2717 1307 2791; baseline 0.001 -14"><span class='ocrx_word' id='word_1_163' title='bbox 130 2722 348 2791; x_wconf 83' lang='lat' dir='ltr'><strong>grieoh.</strong></span> <span class='ocrx_word' id='word_1_164' title='bbox 408 2722 705 2787; x_wconf 83' lang='lat' dir='ltr'><strong>Ausdruck</strong></span> <span class='ocrx_word' id='word_1_165' title='bbox 771 2723 859 2777; x_wconf 76' lang='lat' dir='ltr'><strong>fiir</strong></span> <span class='ocrx_word' id='word_1_166' title='bbox 919 2724 1074 2777; x_wconf 88' lang='lat' dir='ltr'><strong>Bier:</strong></span> <span class='ocrx_word' id='word_1_167' title='bbox 1150 2717 1307 2786; x_wconf 81' lang='grc' dir='ltr'><strong><em>οἶνος</em></strong></span> 
     </span>
     <span class='ocr_line' id='line_1_25' title="bbox 130 2811 931 2882; baseline 0.001 -17"><span class='ocrx_word' id='word_1_168' title='bbox 130 2811 409 2882; x_wconf 77' lang='grc' dir='ltr'><strong><em>κρίθινος</em></strong></span> <span class='ocrx_word' id='word_1_169' title='bbox 448 2811 674 2881; x_wconf 87' lang='lat' dir='ltr'><strong>(Herod.</strong></span> <span class='ocrx_word' id='word_1_170' title='bbox 711 2811 787 2882; x_wconf 88' lang='lat'><strong>11,</strong></span> <span class='ocrx_word' id='word_1_171' title='bbox 824 2814 931 2880; x_wconf 82' lang='lat'><strong>77).</strong></span> 
     </span>
    </p>

    <p class='ocr_par' dir='ltr' id='par_1_10' title="bbox 134 2891 1307 3145">
     <span class='ocr_line' id='line_1_26' title="bbox 211 2891 1305 2969; baseline -0.001 -15"><span class='ocrx_word' id='word_1_172' title='bbox 211 2904 263 2955; x_wconf 87' lang='lat'><strong>3.</strong></span> <span class='ocrx_word' id='word_1_173' title='bbox 337 2900 579 2968; x_wconf 64' lang='lat' dir='ltr'><strong>agrestia</strong></span> <span class='ocrx_word' id='word_1_174' title='bbox 623 2915 792 2968; x_wconf 78' lang='lat' dir='ltr'><strong>poma</strong></span> <span class='ocrx_word' id='word_1_175' title='bbox 846 2891 1009 2969; x_wconf 61' lang='lat' dir='ltr'><strong>Epfel</strong></span> <span class='ocrx_word' id='word_1_176' title='bbox 1032 2941 1046 2965; x_wconf 94' lang='lat'>,</span> <span class='ocrx_word' id='word_1_177' title='bbox 1106 2900 1305 2954; x_wconf 89' lang='lat' dir='ltr'><strong>Birnen</strong></span> 
     </span>
     <span class='ocr_line' id='line_1_27' title="bbox 134 2988 1307 3055; baseline 0 -13"><span class='ocrx_word' id='word_1_178' title='bbox 134 3007 191 3044; x_wconf 91' lang='lat' dir='ltr'><strong>u.</strong></span> <span class='ocrx_word' id='word_1_179' title='bbox 233 3004 281 3043; x_wconf 85' lang='lat' dir='ltr'><strong>a.</strong></span> <span class='ocrx_word' id='word_1_180' title='bbox 321 2988 636 3055; x_wconf 84' lang='lat' dir='ltr'><strong>Obstarten‚</strong></span> <span class='ocrx_word' id='word_1_181' title='bbox 694 2988 781 3042; x_wconf 89' lang='lat' dir='ltr'><strong>die</strong></span> <span class='ocrx_word' id='word_1_182' title='bbox 819 2989 960 3043; x_wconf 90' lang='lat' dir='ltr'><strong>ohne</strong></span> <span class='ocrx_word' id='word_1_183' title='bbox 1004 2988 1307 3043; x_wconf 86' lang='lat' dir='ltr'><strong>besondere</strong></span> 
     </span>
     <span class='ocr_line' id='line_1_28' title="bbox 136 3076 639 3145; baseline 0.002 -14"><span class='ocrx_word' id='word_1_184' title='bbox 136 3076 331 3145; x_wconf 86' lang='lat' dir='ltr'><strong>Pflege</strong></span> <span class='ocrx_word' id='word_1_185' title='bbox 367 3077 639 3135; x_wconf 82' lang='lat' dir='ltr'><strong>wuchsen.</strong></span> 
     </span>
    </p>

    <p class='ocr_par' dir='ltr' id='par_1_11' title="bbox 136 3165 1306 3398">
     <span class='ocr_line' id='line_1_29' title="bbox 210 3165 1305 3221; baseline 0 -2"><span class='ocrx_word' id='word_1_186' title='bbox 210 3180 425 3219; x_wconf 73' lang='lat' dir='ltr'><strong>recens:</strong></span> <span class='ocrx_word' id='word_1_187' title='bbox 463 3166 706 3221; x_wconf 84' lang='lat' dir='ltr'><strong>frisoh.</strong></span> <span class='ocrx_word' id='word_1_188' title='bbox 762 3165 862 3220; x_wconf 93' lang='lat' dir='ltr'><strong>Die</strong></span> <span class='ocrx_word' id='word_1_189' title='bbox 889 3166 1091 3221; x_wconf 78' lang='lat' dir='ltr'><strong>Romer</strong></span> <span class='ocrx_word' id='word_1_190' title='bbox 1126 3165 1305 3220; x_wconf 86' lang='lat' dir='ltr'><strong>mach·</strong></span> 
     </span>
     <span class='ocr_line' id='line_1_30' title="bbox 136 3253 1306 3309; baseline 0 -2"><span class='ocrx_word' id='word_1_191' title='bbox 136 3261 238 3308; x_wconf 89' lang='lat' dir='ltr'><strong>ten</strong></span> <span class='ocrx_word' id='word_1_192' title='bbox 265 3253 363 3308; x_wconf 78' lang='lat' dir='ltr'><strong>das</strong></span> <span class='ocrx_word' id='word_1_193' title='bbox 389 3254 662 3308; x_wconf 86' lang='lat' dir='ltr'><strong>Wildbret</strong></span> <span class='ocrx_word' id='word_1_194' title='bbox 688 3254 853 3308; x_wconf 87' lang='lat' dir='ltr'><strong>durch</strong></span> <span class='ocrx_word' id='word_1_195' title='bbox 893 3253 1306 3309; x_wconf 82' lang='lat' dir='ltr'><strong>Aufbewahren</strong></span> 
     </span>
     <span class='ocr_line' id='line_1_31' title="bbox 136 3342 1018 3398; baseline -0.002 0"><span class='ocrx_word' id='word_1_196' title='bbox 136 3343 377 3398; x_wconf 80' lang='lat' dir='ltr'><strong>weicher</strong></span> <span class='ocrx_word' id='word_1_197' title='bbox 411 3342 522 3397; x_wconf 89' lang='lat' dir='ltr'><strong>und</strong></span> <span class='ocrx_word' id='word_1_198' title='bbox 559 3342 1018 3397; x_wconf 82' lang='lat' dir='ltr'><strong>schmackhafter.</strong></span> 
     </span>
    </p>

    <p class='ocr_par' dir='ltr' id='par_1_12' title="bbox 215 3430 1179 3486">
     <span class='ocr_line' id='line_1_32' title="bbox 215 3430 1179 3486; baseline 0.001 -1"><span class='ocrx_word' id='word_1_199' title='bbox 215 3431 304 3485; x_wconf 82' lang='lat' dir='ltr'><strong>lac</strong></span> <span class='ocrx_word' id='word_1_200' title='bbox 337 3431 671 3485; x_wconf 76' lang='lat' dir='ltr'><strong>concretum.-</strong></span> <span class='ocrx_word' id='word_1_201' title='bbox 710 3430 910 3485; x_wconf 87' lang='lat' dir='ltr'><strong>dicke</strong></span> <span class='ocrx_word' id='word_1_202' title='bbox 949 3432 1179 3486; x_wconf 85' lang='lat' dir='ltr'><strong>Milch.</strong></span> 
     </span>
    </p>

    <p class='ocr_par' dir='ltr' id='par_1_13' title="bbox 142 3519 1310 3765">
     <span class='ocr_line' id='line_1_33' title="bbox 216 3519 1310 3589; baseline 0.002 -17"><span class='ocrx_word' id='word_1_203' title='bbox 216 3522 268 3573; x_wconf 88' lang='lat'><strong>4.</strong></span> <span class='ocrx_word' id='word_1_204' title='bbox 330 3519 593 3572; x_wconf 78' lang='lat' dir='ltr'><strong>adversus</strong></span> <span class='ocrx_word' id='word_1_205' title='bbox 638 3519 919 3589; x_wconf 68' lang='lat' dir='ltr'><strong>abhangig</strong></span> <span class='ocrx_word' id='word_1_206' title='bbox 973 3535 1078 3574; x_wconf 85' lang='lat' dir='ltr'><strong>von</strong></span> <span class='ocrx_word' id='word_1_207' title='bbox 1132 3520 1310 3574; x_wconf 84' lang='lat' dir='ltr'><strong>einem</strong></span> 
     </span>
     <span class='ocr_line' id='line_1_34' title="bbox 147 3607 1309 3677; baseline 0.002 -16"><span class='ocrx_word' id='word_1_208' title='bbox 147 3607 336 3662; x_wconf 84' lang='lat' dir='ltr'><strong>Subst.</strong></span> <span class='ocrx_word' id='word_1_209' title='bbox 362 3607 800 3676; x_wconf 75' lang='lat' dir='ltr'><strong>ungewohnlich3</strong></span> <span class='ocrx_word' id='word_1_210' title='bbox 837 3607 941 3676; x_wconf 82' lang='lat' dir='ltr'><strong>vgl.</strong></span> <span class='ocrx_word' id='word_1_211' title='bbox 968 3624 1096 3663; x_wconf 89' lang='lat' dir='ltr'><strong>ann.</strong></span> <span class='ocrx_word' id='word_1_212' title='bbox 1124 3608 1220 3677; x_wconf 89' lang='lat'>111,</span> <span class='ocrx_word' id='word_1_213' title='bbox 1241 3611 1309 3663; x_wconf 89' lang='grc'><strong>29</strong></span> 
     </span>
     <span class='ocr_line' id='line_1_35' title="bbox 142 3695 1100 3765; baseline 0.002 -14"><span class='ocrx_word' id='word_1_214' title='bbox 142 3696 482 3751; x_wconf 71' lang='lat' dir='ltr'><strong>necessitudo</strong></span> <span class='ocrx_word' id='word_1_215' title='bbox 519 3695 804 3750; x_wconf 78' lang='lat' dir='ltr'><strong>adversum</strong></span> <span class='ocrx_word' id='word_1_216' title='bbox 841 3703 1100 3765; x_wconf 77' lang='lat' dir='ltr'><strong>nepotem.</strong></span> 
     </span>
    </p>

    <p class='ocr_par' dir='ltr' id='par_1_14' title="bbox 148 3784 1315 3931">
     <span class='ocr_line' id='line_1_36' title="bbox 218 3784 1315 3840; baseline 0 -1"><span class='ocrx_word' id='word_1_217' title='bbox 218 3787 269 3839; x_wconf 84' lang='lat'><strong>5.</strong></span> <span class='ocrx_word' id='word_1_218' title='bbox 305 3784 602 3838; x_wconf 76' lang='lat' dir='ltr'><strong>indulseris</strong></span> <span class='ocrx_word' id='word_1_219' title='bbox 629 3784 911 3839; x_wconf 81' lang='lat' dir='ltr'><strong>ebrietati.-</strong></span> <span class='ocrx_word' id='word_1_220' title='bbox 951 3785 1038 3840; x_wconf 92' lang='lat' dir='ltr'><strong>die</strong></span> <span class='ocrx_word' id='word_1_221' title='bbox 1066 3786 1149 3839; x_wconf 89' lang='lat' dir='ltr'><strong>Tr</strong></span> <span class='ocrx_word' id='word_1_222' title='bbox 1165 3785 1315 3840; x_wconf 91' lang='lat' dir='ltr'><strong>unk-</strong></span> 
     </span>
     <span class='ocr_line' id='line_1_37' title="bbox 148 3873 1247 3931; baseline 0.003 -3"><span class='ocrx_word' id='word_1_223' title='bbox 148 3874 360 3929; x_wconf 87' lang='lat' dir='ltr'><strong>sucht</strong></span> <span class='ocrx_word' id='word_1_224' title='bbox 395 3873 728 3931; x_wconf 79' lang='lat' dir='ltr'><strong>fordern.·</strong></span> <span class='ocrx_word' id='word_1_225' title='bbox 1244 3878 1247 3881; x_wconf 82' lang='grc'><strong>’</strong></span> 
     </span>
    </p>

    <p class='ocr_par' dir='ltr' id='par_1_15' title="bbox 219 3961 1315 4029">
     <span class='ocr_line' id='line_1_38' title="bbox 219 3961 1315 4029; baseline 0.003 -14"><span class='ocrx_word' id='word_1_226' title='bbox 219 3964 268 4016; x_wconf 89' lang='grc'><strong>6.</strong></span> <span class='ocrx_word' id='word_1_227' title='bbox 298 3961 450 4016; x_wconf 80' lang='lat' dir='ltr'><strong>haud</strong></span> <span class='ocrx_word' id='word_1_228' title='bbox 467 3962 650 4016; x_wconf 75' lang='lat' dir='ltr'><strong>minua</strong></span> <span class='ocrx_word' id='word_1_229' title='bbox 673 3962 862 4029; x_wconf 78' lang='lat' dir='ltr'><strong>facile.-</strong></span> <span class='ocrx_word' id='word_1_230' title='bbox 889 3963 1090 4018; x_wconf 83' lang='lat' dir='ltr'><strong>ebenso</strong></span> <span class='ocrx_word' id='word_1_231' title='bbox 1115 3963 1315 4018; x_wconf 80' lang='lat' dir='ltr'><strong>sicher.</strong></span> 
     </span>
    </p>
   </div>
   <div class='ocr_carea' id='block_1_6' title="bbox 639 4121 821 4175">
    <p class='ocr_par' dir='ltr' id='par_1_16' title="bbox 639 4121 821 4175">
     <span class='ocr_line' id='line_1_39' title="bbox 639 4121 821 4175; baseline 0 0"><span class='ocrx_word' id='word_1_232' title='bbox 639 4121 697 4175; x_wconf 89' lang='lat' dir='ltr'><strong>C.</strong></span> <span class='ocrx_word' id='word_1_233' title='bbox 735 4124 821 4175; x_wconf 88' lang='lat'><strong>24.</strong></span> 
     </span>
    </p>
   </div>
   <div class='ocr_carea' id='block_1_7' title="bbox 150 4225 1322 4387">
    <p class='ocr_par' dir='ltr' id='par_1_17' title="bbox 150 4225 1322 4387">
     <span class='ocr_line' id='line_1_40' title="bbox 223 4225 1320 4295; baseline -0.001 -13"><span class='ocrx_word' id='word_1_234' title='bbox 223 4232 275 4287; x_wconf 83' lang='lat'><strong>2.</strong></span> <span class='ocrx_word' id='word_1_235' title='bbox 313 4226 469 4281; x_wconf 79' lang='lat' dir='ltr'><strong>inter·</strong></span> <span class='ocrx_word' id='word_1_236' title='bbox 493 4225 712 4295; x_wconf 75' lang='lat' dir='ltr'><strong>yladios</strong></span> <span class='ocrx_word' id='word_1_237' title='bbox 751 4267 763 4281; x_wconf 93' lang='lat'><strong>.</strong></span> <span class='ocrx_word' id='word_1_238' title='bbox 802 4269 816 4284; x_wconf 91' lang='lat'><strong>.</strong></span> <span class='ocrx_word' id='word_1_239' title='bbox 855 4267 868 4280; x_wconf 90' lang='lat'><strong>.</strong></span> <span class='ocrx_word' id='word_1_240' title='bbox 905 4226 1052 4279; x_wconf 80' lang='lat' dir='ltr'><strong>saltu</strong></span> <span class='ocrx_word' id='word_1_241' title='bbox 1086 4225 1320 4281; x_wconf 78' lang='lat' dir='ltr'><strong>iaciunt.</strong></span> 
     </span>
     <span class='ocr_line' id='line_1_41' title="bbox 150 4314 1322 4387; baseline -0.003 -15"><span class='ocrx_word' id='word_1_242' title='bbox 150 4319 268 4373; x_wconf 90' lang='lat' dir='ltr'><strong>Der</strong></span> <span class='ocrx_word' id='word_1_243' title='bbox 296 4316 673 4387; x_wconf 72' lang='lat' dir='ltr'><strong>Schwerttanz</strong></span> <span class='ocrx_word' id='word_1_244' title='bbox 712 4316 802 4382; x_wconf 89' lang='lat' dir='ltr'><strong>(zu</strong></span> <span class='ocrx_word' id='word_1_245' title='bbox 828 4314 1015 4369; x_wconf 86' lang='lat' dir='ltr'><strong>Ehren</strong></span> <span class='ocrx_word' id='word_1_246' title='bbox 1052 4314 1149 4369; x_wconf 84' lang='lat' dir='ltr'><strong>des</strong></span> <span class='ocrx_word' id='word_1_247' title='bbox 1173 4315 1322 4385; x_wconf 87' lang='lat' dir='ltr'><strong>Ziu),</strong></span> 
     </span>
    </p>
   </div>
   <div class='ocr_carea' id='block_1_8' title="bbox 1395 2189 2572 2260">
    <p class='ocr_par' dir='ltr' id='par_1_18' title="bbox 1395 2189 2572 2260">
     <span class='ocr_line' id='line_1_42' title="bbox 1395 2189 2572 2260; baseline 0 -17"><span class='ocrx_word' id='word_1_248' title='bbox 1395 2192 1508 2244; x_wconf 80' lang='lat' dir='ltr'><strong>&#39;mit</strong></span> <span class='ocrx_word' id='word_1_249' title='bbox 1544 2191 1694 2245; x_wconf 87' lang='lat' dir='ltr'><strong>einer</strong></span> <span class='ocrx_word' id='word_1_250' title='bbox 1729 2191 1994 2258; x_wconf 82' lang='lat' dir='ltr'><strong>gewissen</strong></span> <span class='ocrx_word' id='word_1_251' title='bbox 2017 2190 2399 2245; x_wconf 81' lang='lat' dir='ltr'><strong>Gewandtheit</strong></span> <span class='ocrx_word' id='word_1_252' title='bbox 2431 2189 2572 2260; x_wconf 78' lang='lat' dir='ltr'><strong>(ars)</strong></span> 
     </span>
    </p>
   </div>
   <div class='ocr_carea' id='block_1_9' title="bbox 1410 2277 2590 4383">
    <p class='ocr_par' dir='ltr' id='par_1_19' title="bbox 1410 2277 2580 3149">
     <span class='ocr_line' id='line_1_43' title="bbox 1411 2277 2575 2347; baseline -0.002 -14"><span class='ocrx_word' id='word_1_253' title='bbox 1411 2277 1756 2347; x_wconf 82' lang='lat' dir='ltr'><strong>ausgefuhrt,</strong></span> <span class='ocrx_word' id='word_1_254' title='bbox 1812 2295 1925 2334; x_wconf 78' lang='lat' dir='ltr'><strong>war</strong></span> <span class='ocrx_word' id='word_1_255' title='bbox 1978 2279 2264 2334; x_wconf 82' lang='lat' dir='ltr'><strong>einerseits</strong></span> <span class='ocrx_word' id='word_1_256' title='bbox 2301 2278 2575 2334; x_wconf 85' lang='lat' dir='ltr'><strong>Kurzweil</strong></span> 
     </span>
     <span class='ocr_line' id='line_1_44' title="bbox 1410 2356 2574 2437; baseline 0.001 -17"><span class='ocrx_word' id='word_1_257' title='bbox 1410 2356 1731 2436; x_wconf 62' lang='lat' dir='ltr'><strong>(ladicrum)</strong></span> <span class='ocrx_word' id='word_1_258' title='bbox 1788 2367 1903 2422; x_wconf 88' lang='lat' dir='ltr'><strong>und</strong></span> <span class='ocrx_word' id='word_1_259' title='bbox 1951 2367 2039 2422; x_wconf 87' lang='lat' dir='ltr'><strong>ein</strong></span> <span class='ocrx_word' id='word_1_260' title='bbox 2084 2366 2294 2423; x_wconf 78' lang='lat' dir='ltr'><strong>Beweis</strong></span> <span class='ocrx_word' id='word_1_261' title='bbox 2343 2366 2574 2437; x_wconf 84' lang='lat' dir='ltr'><strong>jugend-</strong></span> 
     </span>
     <span class='ocr_line' id='line_1_45' title="bbox 1411 2455 2575 2529; baseline -0.002 -20"><span class='ocrx_word' id='word_1_262' title='bbox 1411 2455 1584 2511; x_wconf 89' lang='lat' dir='ltr'><strong>licher</strong></span> <span class='ocrx_word' id='word_1_263' title='bbox 1622 2455 1792 2510; x_wconf 85' lang='lat' dir='ltr'><strong>Kraft</strong></span> <span class='ocrx_word' id='word_1_264' title='bbox 1828 2456 2085 2526; x_wconf 74' lang='lat' dir='ltr'><strong>(audacis</strong></span> <span class='ocrx_word' id='word_1_265' title='bbox 2132 2456 2432 2529; x_wconf 56' lang='lat' dir='ltr'><strong>lasciviae),</strong></span> <span class='ocrx_word' id='word_1_266' title='bbox 2480 2471 2575 2510; x_wconf 83' lang='lat' dir='ltr'><strong>an-</strong></span> 
     </span>
     <span class='ocr_line' id='line_1_46' title="bbox 1411 2542 2574 2612; baseline -0.001 -14"><span class='ocrx_word' id='word_1_267' title='bbox 1411 2544 1706 2599; x_wconf 80' lang='lat' dir='ltr'><strong>dererseits</strong></span> <span class='ocrx_word' id='word_1_268' title='bbox 1741 2545 1865 2599; x_wconf 90' lang='lat' dir='ltr'><strong>eine</strong></span> <span class='ocrx_word' id='word_1_269' title='bbox 1896 2543 2326 2612; x_wconf 79' lang='lat' dir='ltr'><strong>Ergotzlichkeit</strong></span> <span class='ocrx_word' id='word_1_270' title='bbox 2362 2542 2450 2596; x_wconf 78' lang='lat' dir='ltr'><strong>fur</strong></span> <span class='ocrx_word' id='word_1_271' title='bbox 2486 2544 2574 2598; x_wconf 88' lang='lat' dir='ltr'><strong>die</strong></span> 
     </span>
     <span class='ocr_line' id='line_1_47' title="bbox 1412 2622 2577 2700; baseline 0.001 -16"><span class='ocrx_word' id='word_1_272' title='bbox 1412 2632 1454 2684; x_wconf 96' lang='lat' dir='ltr'>Z</span> <span class='ocrx_word' id='word_1_273' title='bbox 1463 2632 1733 2687; x_wconf 83' lang='lat' dir='ltr'><strong>uschauer</strong></span> <span class='ocrx_word' id='word_1_274' title='bbox 1747 2632 2024 2699; x_wconf 74' lang='lat' dir='ltr'><strong>(voluptas</strong></span> <span class='ocrx_word' id='word_1_275' title='bbox 2037 2622 2577 2700; x_wconf 64' lang='lat' dir='ltr'><strong>spectantium),st</strong></span> 
     </span>
     <span class='ocr_line' id='line_1_48' title="bbox 1413 2720 2578 2795; baseline 0 -21"><span class='ocrx_word' id='word_1_276' title='bbox 1413 2721 1547 2775; x_wconf 87' lang='lat' dir='ltr'><strong>aber</strong></span> <span class='ocrx_word' id='word_1_277' title='bbox 1585 2721 1740 2775; x_wconf 88' lang='lat' dir='ltr'><strong>nicht</strong></span> <span class='ocrx_word' id='word_1_278' title='bbox 1777 2722 1947 2776; x_wconf 89' lang='lat' dir='ltr'><strong>herab</strong></span> <span class='ocrx_word' id='word_1_279' title='bbox 1976 2737 2044 2775; x_wconf 86' lang='lat' dir='ltr'><strong>zu</strong></span> <span class='ocrx_word' id='word_1_280' title='bbox 2070 2722 2245 2776; x_wconf 89' lang='lat' dir='ltr'><strong>einem</strong></span> <span class='ocrx_word' id='word_1_281' title='bbox 2266 2720 2455 2795; x_wconf 79' lang='lat' dir='ltr'><strong>Mittel</strong></span> <span class='ocrx_word' id='word_1_282' title='bbox 2481 2721 2578 2776; x_wconf 86' lang='lat' dir='ltr'><strong>der</strong></span> 
     </span>
     <span class='ocr_line' id='line_1_49' title="bbox 1414 2809 2579 2878; baseline -0.001 -15"><span class='ocrx_word' id='word_1_283' title='bbox 1414 2809 1806 2866; x_wconf 82' lang='lat' dir='ltr'><strong>Gewinnsucht</strong></span> <span class='ocrx_word' id='word_1_284' title='bbox 1855 2810 1991 2878; x_wconf 74' lang='lat' dir='ltr'><strong>(non</strong></span> <span class='ocrx_word' id='word_1_285' title='bbox 2035 2810 2096 2862; x_wconf 78' lang='lat' dir='ltr'><strong>in</strong></span> <span class='ocrx_word' id='word_1_286' title='bbox 2144 2814 2425 2876; x_wconf 73' lang='lat' dir='ltr'><strong>quaestum</strong></span> <span class='ocrx_word' id='word_1_287' title='bbox 2477 2815 2579 2862; x_wconf 82' lang='lat' dir='ltr'><strong>aut</strong></span> 
     </span>
     <span class='ocr_line' id='line_1_50' title="bbox 1412 2897 2580 2969; baseline 0.002 -18"><span class='ocrx_word' id='word_1_288' title='bbox 1412 2899 1740 2969; x_wconf 79' lang='lat' dir='ltr'><strong>mercedem).</strong></span> <span class='ocrx_word' id='word_1_289' title='bbox 1838 2897 1904 2953; x_wconf 91' lang='lat' dir='ltr'><strong>In</strong></span> <span class='ocrx_word' id='word_1_290' title='bbox 1984 2899 2200 2966; x_wconf 85' lang='lat' dir='ltr'><strong>einigen</strong></span> <span class='ocrx_word' id='word_1_291' title='bbox 2287 2898 2580 2966; x_wconf 85' lang='lat' dir='ltr'><strong>Gegenden</strong></span> 
     </span>
     <span class='ocr_line' id='line_1_51' title="bbox 1412 2986 2580 3042; baseline 0.002 -3"><span class='ocrx_word' id='word_1_292' title='bbox 1412 2986 1832 3041; x_wconf 84' lang='lat' dir='ltr'><strong>Deutschlands</strong></span> <span class='ocrx_word' id='word_1_293' title='bbox 1891 2986 2086 3041; x_wconf 85' lang='lat' dir='ltr'><strong>erhielt</strong></span> <span class='ocrx_word' id='word_1_294' title='bbox 2123 3003 2183 3042; x_wconf 91' lang='lat' dir='ltr'><strong>er</strong></span> <span class='ocrx_word' id='word_1_295' title='bbox 2221 2987 2340 3041; x_wconf 88' lang='lat' dir='ltr'><strong>sich</strong></span> <span class='ocrx_word' id='word_1_296' title='bbox 2375 2986 2459 3042; x_wconf 82' lang='lat' dir='ltr'><strong>bis</strong></span> <span class='ocrx_word' id='word_1_297' title='bbox 2494 2988 2580 3041; x_wconf 85' lang='lat' dir='ltr'><strong>ins</strong></span> 
     </span>
     <span class='ocr_line' id='line_1_52' title="bbox 1418 3075 1840 3149; baseline 0.007 -20"><span class='ocrx_word' id='word_1_298' title='bbox 1418 3080 1497 3133; x_wconf 88' lang='lat'><strong>17.</strong></span> <span class='ocrx_word' id='word_1_299' title='bbox 1537 3075 1568 3130; x_wconf 83' lang='lat' dir='ltr'>J</span> <span class='ocrx_word' id='word_1_300' title='bbox 1575 3076 1690 3131; x_wconf 89' lang='lat' dir='ltr'><strong>hdt.</strong></span> <span class='ocrx_word' id='word_1_301' title='bbox 1837 3146 1840 3149; x_wconf 11' lang='lat' dir='ltr'>y</span> 
     </span>
    </p>

    <p class='ocr_par' dir='ltr' id='par_1_20' title="bbox 1415 3152 2582 3396">
     <span class='ocr_line' id='line_1_53' title="bbox 1422 3152 2581 3231; baseline 0 -13"><span class='ocrx_word' id='word_1_302' title='bbox 1422 3152 1426 3160; x_wconf 43' lang='lat'>⁵</span> <span class='ocrx_word' id='word_1_303' title='bbox 1484 3167 1534 3218; x_wconf 86' lang='lat'><strong>4.</strong></span> <span class='ocrx_word' id='word_1_304' title='bbox 1572 3163 1823 3231; x_wconf 73' lang='lat' dir='ltr'><strong>&#39;quamvis</strong></span> <span class='ocrx_word' id='word_1_305' title='bbox 1859 3163 2090 3216; x_wconf 73' lang='lat' dir='ltr'><strong>audacis</strong></span> <span class='ocrx_word' id='word_1_306' title='bbox 2127 3187 2197 3208; x_wconf 88' lang='lat'><strong>==</strong></span> <span class='ocrx_word' id='word_1_307' title='bbox 2235 3163 2319 3218; x_wconf 86' lang='lat' dir='ltr'><strong>vel</strong></span> <span class='ocrx_word' id='word_1_308' title='bbox 2345 3166 2581 3219; x_wconf 86' lang='lat' dir='ltr'><strong>maxime</strong></span> 
     </span>
     <span class='ocr_line' id='line_1_54' title="bbox 1415 3251 2582 3319; baseline -0.001 -12"><span class='ocrx_word' id='word_1_309' title='bbox 1415 3252 1672 3316; x_wconf 83' lang='lat' dir='ltr'><strong>audacis;</strong></span> <span class='ocrx_word' id='word_1_310' title='bbox 1733 3251 1927 3305; x_wconf 81' lang='lat' dir='ltr'><strong>audax</strong></span> <span class='ocrx_word' id='word_1_311' title='bbox 1962 3268 2097 3319; x_wconf 78' lang='lat' dir='ltr'><strong>gew.</strong></span> <span class='ocrx_word' id='word_1_312' title='bbox 2154 3269 2257 3307; x_wconf 88' lang='lat' dir='ltr'><strong>nur</strong></span> <span class='ocrx_word' id='word_1_313' title='bbox 2308 3270 2414 3308; x_wconf 88' lang='lat' dir='ltr'><strong>von</strong></span> <span class='ocrx_word' id='word_1_314' title='bbox 2450 3252 2582 3308; x_wconf 90' lang='lat' dir='ltr'><strong>Per·</strong></span> 
     </span>
     <span class='ocr_line' id='line_1_55' title="bbox 1415 3347 2226 3396; baseline -0.001 0"><span class='ocrx_word' id='word_1_315' title='bbox 1415 3357 1604 3396; x_wconf 81' lang='lat' dir='ltr'><strong>sonen.</strong></span> <span class='ocrx_word' id='word_1_316' title='bbox 2220 3347 2226 3352; x_wconf 83' lang='lat'>&#39;</span> 
     </span>
    </p>

    <p class='ocr_par' dir='ltr' id='par_1_21' title="bbox 1418 3428 2586 3837">
     <span class='ocr_line' id='line_1_56' title="bbox 1488 3428 2582 3495; baseline -0.002 -11"><span class='ocrx_word' id='word_1_317' title='bbox 1488 3432 1541 3484; x_wconf 91' lang='grc'><strong>6.</strong></span> <span class='ocrx_word' id='word_1_318' title='bbox 1596 3429 1766 3483; x_wconf 74' lang='lat' dir='ltr'><strong>sobrii</strong></span> <span class='ocrx_word' id='word_1_319' title='bbox 1800 3428 1944 3483; x_wconf 77' lang='lat' dir='ltr'><strong>inter</strong></span> <span class='ocrx_word' id='word_1_320' title='bbox 1994 3428 2176 3495; x_wconf 75' lang='lat' dir='ltr'><strong>seria3</strong></span> <span class='ocrx_word' id='word_1_321' title='bbox 2232 3429 2302 3483; x_wconf 85' lang='lat' dir='ltr'><strong>da</strong></span> <span class='ocrx_word' id='word_1_322' title='bbox 2347 3445 2407 3484; x_wconf 83' lang='lat' dir='ltr'><strong>es</strong></span> <span class='ocrx_word' id='word_1_323' title='bbox 2463 3429 2582 3484; x_wconf 81' lang='lat' dir='ltr'><strong>sich</strong></span> 
     </span>
     <span class='ocr_line' id='line_1_57' title="bbox 1418 3510 2585 3584; baseline -0.001 -12"><span class='ocrx_word' id='word_1_324' title='bbox 1418 3535 1507 3572; x_wconf 91' lang='lat' dir='ltr'><strong>um</strong></span> <span class='ocrx_word' id='word_1_325' title='bbox 1544 3510 1606 3573; x_wconf 82' lang='lat' dir='ltr'><strong>so</strong></span> <span class='ocrx_word' id='word_1_326' title='bbox 1644 3517 1789 3573; x_wconf 89' lang='lat' dir='ltr'><strong>hohe</strong></span> <span class='ocrx_word' id='word_1_327' title='bbox 1830 3518 2002 3572; x_wconf 76' lang='lat' dir='ltr'><strong>Guter</strong></span> <span class='ocrx_word' id='word_1_328' title='bbox 2042 3517 2317 3584; x_wconf 85' lang='lat' dir='ltr'><strong>handelte‚</strong></span> <span class='ocrx_word' id='word_1_329' title='bbox 2371 3519 2585 3573; x_wconf 83' lang='lat' dir='ltr'><strong>betrieb</strong></span> 
     </span>
     <span class='ocr_line' id='line_1_58' title="bbox 1419 3606 2583 3676; baseline 0 -16"><span class='ocrx_word' id='word_1_330' title='bbox 1419 3622 1548 3661; x_wconf 89' lang='lat' dir='ltr'><strong>man</strong></span> <span class='ocrx_word' id='word_1_331' title='bbox 1607 3606 1704 3661; x_wconf 80' lang='lat' dir='ltr'><strong>das</strong></span> <span class='ocrx_word' id='word_1_332' title='bbox 1740 3606 2100 3676; x_wconf 74' lang='lat' dir='ltr'><strong>Wurfelspiel</strong></span> <span class='ocrx_word' id='word_1_333' title='bbox 2154 3623 2258 3660; x_wconf 89' lang='lat' dir='ltr'><strong>nur</strong></span> <span class='ocrx_word' id='word_1_334' title='bbox 2311 3608 2583 3662; x_wconf 78' lang='lat' dir='ltr'><strong>niichtern</strong></span> 
     </span>
     <span class='ocr_line' id='line_1_59' title="bbox 1422 3694 2586 3751; baseline 0 -2"><span class='ocrx_word' id='word_1_335' title='bbox 1422 3694 1530 3749; x_wconf 87' lang='lat' dir='ltr'><strong>und</strong></span> <span class='ocrx_word' id='word_1_336' title='bbox 1590 3701 1756 3749; x_wconf 82' lang='lat' dir='ltr'><strong>ernst.</strong></span> <span class='ocrx_word' id='word_1_337' title='bbox 1828 3695 1974 3749; x_wconf 75' lang='lat' dir='ltr'><strong>inter</strong></span> <span class='ocrx_word' id='word_1_338' title='bbox 2032 3695 2180 3748; x_wconf 80' lang='lat' dir='ltr'><strong>seria</strong></span> <span class='ocrx_word' id='word_1_339' title='bbox 2233 3719 2303 3739; x_wconf 93' lang='lat'>=</span> <span class='ocrx_word' id='word_1_340' title='bbox 2356 3702 2416 3749; x_wconf 86' lang='lat' dir='ltr'><strong>ut</strong></span> <span class='ocrx_word' id='word_1_341' title='bbox 2469 3712 2586 3751; x_wconf 88' lang='lat' dir='ltr'><strong>rem</strong></span> 
     </span>
     <span class='ocr_line' id='line_1_60' title="bbox 1421 3783 1639 3837; baseline -0.005 0"><span class='ocrx_word' id='word_1_342' title='bbox 1421 3783 1639 3837; x_wconf 82' lang='lat' dir='ltr'><strong>seriam.</strong></span> 
     </span>
    </p>

    <p class='ocr_par' dir='ltr' id='par_1_22' title="bbox 1424 3871 2589 4028">
     <span class='ocr_line' id='line_1_61' title="bbox 1424 3871 2585 3940; baseline 0.003 -17"><span class='ocrx_word' id='word_1_343' title='bbox 1424 3920 1429 3923; x_wconf 75' lang='grc'><strong>.</strong></span> <span class='ocrx_word' id='word_1_344' title='bbox 1494 3874 1545 3929; x_wconf 90' lang='lat'><strong>7.</strong></span> <span class='ocrx_word' id='word_1_345' title='bbox 1566 3871 1893 3924; x_wconf 81' lang='lat' dir='ltr'><strong>temeritate.-</strong></span> <span class='ocrx_word' id='word_1_346' title='bbox 1921 3886 2259 3940; x_wconf 83' lang='lat' dir='ltr'><strong>verwegene,</strong></span> <span class='ocrx_word' id='word_1_347' title='bbox 2278 3872 2414 3926; x_wconf 87' lang='lat' dir='ltr'><strong>tolle</strong></span> <span class='ocrx_word' id='word_1_348' title='bbox 2433 3873 2585 3939; x_wconf 75' lang='lat' dir='ltr'><strong>Luat.</strong></span> 
     </span>
     <span class='ocr_line' id='line_1_62' title="bbox 1493 3959 2589 4028; baseline 0 -14"><span class='ocrx_word' id='word_1_349' title='bbox 1493 3975 1629 4026; x_wconf 82' lang='lat' dir='ltr'><strong>cum,</strong></span> <span class='ocrx_word' id='word_1_350' title='bbox 1671 3959 1777 4028; x_wconf 84' lang='lat' dir='ltr'><strong>vgl.</strong></span> <span class='ocrx_word' id='word_1_351' title='bbox 1818 3962 1885 4013; x_wconf 88' lang='lat'><strong>14</strong></span> <span class='ocrx_word' id='word_1_352' title='bbox 1904 3959 2015 4014; x_wconf 88' lang='lat' dir='ltr'><strong>und</strong></span> <span class='ocrx_word' id='word_1_353' title='bbox 2046 3963 2133 4014; x_wconf 88' lang='lat'><strong>22.</strong></span> <span class='ocrx_word' id='word_1_354' title='bbox 2159 3990 2227 3999; x_wconf 94' lang='lat'><strong>—</strong></span> <span class='ocrx_word' id='word_1_355' title='bbox 2252 3966 2486 4015; x_wconf 77' lang='lat' dir='ltr'><strong>eoetremo</strong></span> <span class='ocrx_word' id='word_1_356' title='bbox 2522 3977 2589 4014; x_wconf 86' lang='lat' dir='ltr'><strong>ac</strong></span> 
     </span>
    </p>

    <p class='ocr_par' dir='ltr' id='par_1_23' title="bbox 1421 4048 2590 4104">
     <span class='ocr_line' id='line_1_63' title="bbox 1421 4048 2590 4104; baseline 0.001 -3"><span class='ocrx_word' id='word_1_357' title='bbox 1421 4048 1721 4103; x_wconf 74' lang='lat' dir='ltr'><strong>novissimo</strong></span> <span class='ocrx_word' id='word_1_358' title='bbox 1747 4048 1925 4101; x_wconf 81' lang='lat' dir='ltr'><strong>iactu.-</strong></span> <span class='ocrx_word' id='word_1_359' title='bbox 1962 4049 2064 4102; x_wconf 90' lang='lat' dir='ltr'><strong>mit</strong></span> <span class='ocrx_word' id='word_1_360' title='bbox 2088 4048 2209 4103; x_wconf 87' lang='lat' dir='ltr'><strong>dem</strong></span> <span class='ocrx_word' id='word_1_361' title='bbox 2239 4048 2441 4104; x_wconf 87' lang='lat' dir='ltr'><strong>letzten</strong></span> <span class='ocrx_word' id='word_1_362' title='bbox 2479 4050 2590 4104; x_wconf 90' lang='lat' dir='ltr'><strong>und</strong></span> 
     </span>
    </p>

    <p class='ocr_par' dir='ltr' id='par_1_24' title="bbox 1427 4135 2103 4192">
     <span class='ocr_line' id='line_1_64' title="bbox 1427 4135 2103 4192; baseline -0.001 -1"><span class='ocrx_word' id='word_1_363' title='bbox 1427 4136 1887 4192; x_wconf 73' lang='lat' dir='ltr'><strong>entecheidenden</strong></span> <span class='ocrx_word' id='word_1_364' title='bbox 1928 4135 2103 4191; x_wconf 87' lang='lat' dir='ltr'><strong>Wurf.</strong></span> 
     </span>
    </p>

    <p class='ocr_par' dir='ltr' id='par_1_25' title="bbox 1428 4214 2590 4383">
     <span class='ocr_line' id='line_1_65' title="bbox 1499 4214 2589 4292; baseline 0.001 -13"><span class='ocrx_word' id='word_1_365' title='bbox 1499 4228 1554 4280; x_wconf 85' lang='grc'><strong>8.</strong></span> <span class='ocrx_word' id='word_1_366' title='bbox 1600 4225 1665 4279; x_wconf 85' lang='lat' dir='ltr'><strong>de</strong></span> <span class='ocrx_word' id='word_1_367' title='bbox 1702 4214 1954 4279; x_wconf 75' lang='lat' dir='ltr'><strong>libertate</strong></span> <span class='ocrx_word' id='word_1_368' title='bbox 1979 4241 2045 4279; x_wconf 82' lang='lat' dir='ltr'><strong>ac</strong></span> <span class='ocrx_word' id='word_1_369' title='bbox 2081 4225 2147 4279; x_wconf 83' lang='lat' dir='ltr'><strong>de</strong></span> <span class='ocrx_word' id='word_1_370' title='bbox 2172 4240 2395 4292; x_wconf 77' lang='lat' dir='ltr'><strong>corpore</strong></span> <span class='ocrx_word' id='word_1_371' title='bbox 2418 4226 2589 4280; x_wconf 83' lang='lat' dir='ltr'><strong>sehon</strong></span> 
     </span>
     <span class='ocr_line' id='line_1_66' title="bbox 1428 4313 2590 4383; baseline 0 -14"><span class='ocrx_word' id='word_1_372' title='bbox 1428 4329 1615 4383; x_wconf 84' lang='lat' dir='ltr'><strong>wegen</strong></span> <span class='ocrx_word' id='word_1_373' title='bbox 1654 4314 1750 4368; x_wconf 87' lang='lat' dir='ltr'><strong>der</strong></span> <span class='ocrx_word' id='word_1_374' title='bbox 1790 4314 2221 4382; x_wconf 87' lang='lat' dir='ltr'><strong>Wiederholung</strong></span> <span class='ocrx_word' id='word_1_375' title='bbox 2257 4330 2363 4369; x_wconf 86' lang='lat' dir='ltr'><strong>von</strong></span> <span class='ocrx_word' id='word_1_376' title='bbox 2410 4314 2475 4368; x_wconf 85' lang='lat' dir='ltr'><strong>de</strong></span> <span class='ocrx_word' id='word_1_377' title='bbox 2506 4313 2590 4369; x_wconf 79' lang='lat' dir='ltr'><strong>als</strong></span> 
     </span>
    </p>
   </div>
  </div>
 </body>
</html>
