2992 4825
998 267 1180 324 Taciti
1216 268 1474 337 Agricola
1513 284 1558 324 c.
1598 271 1825 326 30-32.
2484 259 2563 321 21

228 412 433 488 atque
496 408 772 491 inopiam
833 410 972 491 pari
1037 407 1269 475 affectu
1341 410 1809 491 concupiscunt.
1917 409 2181 477 Auferre
2245 412 2570 479 trucidare
2605 423 2675 475 20

228 531 469 593 rapere
504 512 684 580 falsis
714 514 1072 580 nominibus
1102 510 1458 599 imperium,
1506 522 1699 598 atque
1729 516 1838 582 ubi
1867 516 2273 583 solitudinem
2304 515 2568 597 faciunt,

231 636 460 700 pacem
505 620 848 702 appellant.
2608 614 2615 620 ’

418 729 522 790 31.
579 724 841 792 Liberos
899 727 1126 808 cuique
1185 745 1261 792 ac
1305 728 1692 809 propinquos
1738 744 1884 793 suos
1929 732 2162 793 natura
2208 728 2567 818 carissimos

232 847 379 894 esse
423 831 645 895 voluit:
693 830 760 896 hi
805 850 920 913 per
965 833 1233 899 dilectus
1281 833 1432 899 alibi
1477 834 1777 900 servituri
1822 830 2222 912 auferuntur3
2269 834 2567 915 coniuges

231 952 615 1018 sororesque
661 938 912 1004 etiamsi
956 937 1253 1005 hostilem
1300 939 1621 1005 libidinem
1668 936 1986 1020 effugiant,
2036 939 2287 1005 nomine
2331 939 2567 1005 amico-

232 1060 379 1105 rum
425 1047 618 1123 atque
663 1041 979 1125 hospitum
1027 1045 1415 1127 polluuntur.
1474 1046 1654 1110 Bona
1682 1044 2102 1126 fortunaeque
2131 1044 2198 1108 in
2229 1044 2564 1125 tributum,

230 1165 394 1228 ager
436 1151 628 1230 atque
676 1167 878 1214 annus
924 1149 989 1214 in
1034 1148 1437 1230 frumentum,
1504 1168 1769 1232 corpora
1814 1151 1954 1232 ipsa
2000 1168 2077 1216 ac
2119 1167 2347 1216 manus
2392 1150 2566 1217 silvis
2637 1161 2671 1213 5

232 1271 313 1318 ac
369 1253 704 1335 paludibus
761 1245 1152 1322 emuniendis
1206 1256 1372 1321 inter
1425 1256 1695 1321 verbera
1748 1274 1824 1322 ac
1881 1255 2298 1322 contumelias
2352 1260 2565 1322 conte·

231 1364 483 1427 runtur.
576 1359 745 1426 Nata
789 1361 1080 1435 servituti
1126 1362 1442 1443 mancipia
1487 1362 1684 1427 semel
1729 1366 2022 1441 veneunt,
2072 1366 2264 1443 atque
2311 1360 2477 1426 ultro
2524 1379 2564 1426 a

229 1464 504 1531 dominis
551 1467 836 1531 aluntur:
883 1467 1217 1532 Britannia
1261 1467 1633 1532 servitutem
1679 1484 1862 1533 suam
1909 1467 2140 1534 cotidie
2186 1467 2357 1548 emit,
2405 1466 2562 1533 coti-

230 1571 339 1637 die
368 1572 594 1655 pascit.
667 1574 759 1638 Ac
804 1573 968 1638 sicut
1012 1575 1078 1637 in
1124 1571 1363 1639 familia
1410 1573 1880 1639 recentissimus
1926 1573 2192 1655 quisque
2237 1590 2561 1638 servorum

229 1677 430 1743 etiam
488 1680 806 1744 conservis
860 1678 1133 1745 ludibrio
1181 1684 1297 1761 est,
1354 1679 1445 1744 sic
1490 1679 1557 1744 in
1602 1678 1720 1744 hoc
1766 1678 1938 1744 orbis
1984 1684 2301 1743 terrarum
2347 1684 2563 1744 vetere
2601 1690 2670 1743 ιο

229 1782 546 1849 famulatu
599 1786 746 1850 novi
802 1802 917 1850 nos
972 1789 1036 1849 et
1091 1785 1246 1851 viles
1292 1785 1364 1849 in·
1415 1785 1721 1850 excidium
1782 1785 2083 1866 petimur;
2146 1801 2350 1865 neque
2394 1783 2563 1849 enim

231 1907 393 1955 arva
455 1889 634 1954 nobis
704 1894 816 1955 aut
881 1889 1139 1955 metalla
1207 1896 1321 1955 aut
1377 1895 1599 1972 portus
1668 1895 1843 1970 sunt,
1905 1888 2133 1971 quibus
2198 1888 2563 1955 exercendis

228 2013 650 2060 reservemur.
741 1996 962 2063 Virtus
1016 2014 1207 2078 porro
1268 2014 1345 2061 ac
1391 1994 1628 2062 ferocia
1673 1996 2103 2061 subiectorum
2148 1996 2403 2078 ingrata
2446 1994 2563 2060 im-

229 2100 630 2181 perantibus3
695 2107 761 2166 et
815 2100 1243 2183 longinquitas
1300 2120 1376 2168 ac
1421 2106 1730 2169 secretum
1777 2102 1985 2184 ipsum
2031 2117 2155 2183 quo
2201 2101 2421 2180 tutiuS,
2488 2117 2562 2166 eo

226 2206 606 2288 suspectius.
673 2207 773 2271 Ita
816 2205 1071 2273 sublata
1117 2225 1230 2289 spe
1276 2207 1496 2273 veniae
1527 2207 1784 2272 tandem
1818 2206 2050 2273 sumite
2080 2207 2381 2285 animum,
2428 2210 2562 2272 tam
2604 2215 2668 2269 15

226 2311 462 2394 quibus
529 2311 701 2378 salus
767 2330 957 2394 quam
1026 2313 1252 2395 quibus
1320 2313 1525 2396 gloria
1601 2313 1924 2401 carissima
1997 2317 2113 2380 est.
2224 2312 2563 2394 Brigantes

227 2417 468 2484 femina
513 2418 670 2484 duce
715 2437 979 2485 exurere
1024 2421 1350 2500 coloniam,
1400 2438 1766 2501 expugnare
1812 2424 2041 2499 castra,
2089 2438 2167 2486 ac
2212 2419 2335 2484 nisi
2363 2416 2562 2485 felici-

228 2530 337 2590 tas
393 2523 457 2589 in
510 2524 864 2591 socordiam
910 2526 1226 2606 vertisset,
1284 2544 1514 2591 exuere
1559 2526 1773 2607 iugum
1822 2529 2113 2608 potuere:
2171 2542 2285 2591 nos
2328 2524 2563 2606 integri

224 2635 320 2695 et.
344 2629 635 2696 indomiti
679 2636 746 2695 et
775 2631 839 2696 in
868 2631 1230 2698 libertatem
1264 2649 1388 2696 non
1418 2633 1482 2697 in
1514 2631 1968 2713 paenitentiam
2002 2630 2308 2710 bellaturi,
2356 2629 2559 2711 primo

227 2735 449 2801 statim
518 2754 860 2818 congressu
925 2737 1366 2817 ostendamuS,
1431 2755 1590 2819 quos
1650 2737 1768 2804 sibi
1826 2735 2173 2803 Caledonia
2235 2736 2403 2803 viros
2464 2753 2561 2800 se-
2596 2751 2667 2803 20

227 2842 535 2923 posuerit.

410 2952 511 3013 32.
568 2949 667 3013 An
722 2948 982 3015 eandem
1031 2948 1332 3015 Romanis
1387 2949 1450 3014 in
1496 2948 1664 3015 bello
1711 2949 2013 3015 virtutem
2057 2966 2249 3030 quam
2293 2948 2359 3013 in
2405 2964 2560 3029 pace

225 3053 554 3119 lasciviam
585 3053 808 3120 adesse
840 3054 1140 3121 creditis?
1193 3053 1444 3121 Nostris
1473 3054 1568 3120 illi
1602 3055 2096 3122 dissensionibus
2126 3073 2202 3121 ac
2235 3052 2559 3120 discordiis

226 3159 391 3224 clari
434 3161 586 3225 vitia
630 3159 906 3226 hostium
924 3160 929 3167 ’
950 3161 1018 3225 in
1064 3161 1333 3243 gloriam
1379 3161 1696 3227 exercitus
1737 3162 1836 3227 sui
1866 3166 2157 3242 vertunt;
2204 3177 2388 3240 quem
2419 3177 2560 3225 con-

224 3270 504 3330 tractum
559 3284 632 3331 ex
692 3265 1132 3332 diversissimis
1190 3268 1486 3349 gentibus
1533 3271 1607 3333 ut
1652 3267 1968 3333 secundae
2014 3284 2117 3332 res
2165 3269 2400 3344 tenent,
2463 3264 2561 3330 ita

222 3369 536 3436 adversae
579 3371 950 3438 dissolvent:
997 3372 1118 3437 nisi
1148 3373 1203 3438 si
1232 3373 1451 3439 Gallos
1488 3378 1557 3439 et
1586 3373 1937 3440 Germanos
1982 3376 2048 3438 et
2103 3370 2328 3455 (pudet
2358 3369 2558 3453 dictu)
2631 3384 2664 3437 5

231 3477 682 3542 Britannorum
750 3478 1116 3562 plerosque,
1188 3479 1336 3545 licet
1406 3478 1819 3544 dominationi
1880 3478 2124 3543 alienae
2186 3476 2559 3559 sanguinem

223 3583 644 3666 commodent,
692 3584 930 3650 diutius
976 3589 1193 3651 tamen
1238 3585 1455 3651 hostes
1503 3604 1692 3668 quam
1739 3603 1973 3664 servoS,
2021 3582 2145 3649 fide
2191 3586 2258 3648 et
2303 3579 2559 3647 adfectu

225 3689 429 3755 teneri
481 3691 741 3772 putatis,
835 3690 1042 3756 Metus
1098 3709 1172 3757 ac
1218 3695 1425 3757 terror
1469 3696 1617 3756 sunt
1674 3690 1919 3758 infirma
1974 3689 2181 3755 vincla
2245 3687 2558 3765 caritatis;
2640 3763 2642 3766 Α

224 3811 392 3875 quae
461 3795 573 3861 ubi
640 3797 1009 3878 removeriS,
1082 3797 1192 3878 qui
1259 3798 1484 3863 timere
1557 3797 1888 3878 desierint,
1939 3796 2166 3862 ,odisse
2233 3793 2556 3875 incipient.

223 3898 459 3966 Omnia
512 3901 813 3968 victoriae
867 3903 1280 3968 incitamenta
1334 3920 1450 3984 pro
1506 3902 1688 3969 nobis
1745 3907 1924 3968 sunt:
1984 3901 2197 3966 nullae
2241 3898 2557 3964 Romanos
2598 3909 2666 3961 10

222 4006 530 4090 coniuges
593 4008 974 4089 accendunt,
1040 4008 1198 4073 nulli
1257 4013 1555 4091 parentes
1613 4007 1826 4090 fugam
1881 4005 2321 4090 exprobraturi
2380 4008 2558 4071 sunt3

225 4119 340 4178 aut
383 4112 561 4178 nulla
607 4114 927 4196 plerisque
972 4114 1187 4196 patria
1234 4121 1346 4180 aut
1391 4114 1517 4180 alia
1561 4117 1677 4181 est.
1757 4113 2001 4180 Paucos
2031 4129 2315 4191 numem,
2363 4108 2558 4190 trepi-

222 4218 341 4284 dos
385 4219 765 4301 ignorantia,
815 4220 1060 4286 caelum
1107 4221 1316 4304 ipsum
1363 4239 1438 4286 ac
1485 4238 1663 4285 mare
1709 4224 1776 4286 et
1821 4219 2036 4300 silvaS,
2087 4217 2306 4300 ignota
2350 4214 2560 4280 omnia

220 4324 857 4409 circumspectanteS‚
926 4326 1174 4393 clausos
1229 4326 1501 4408 quodam
1564 4325 1751 4392 modo
1809 4343 1884 4392 ac
1943 4324 2190 4389 vinctos
2248 4321 2333 4388 dii
2376 4319 2560 4386 nobis
