2992 4825
1119 316 1299 372 Taciti
1334 316 1596 386 Agricola.
1631 334 1679 373 c.
1724 321 1947 373 12-15.
2616 307 2692 368 13

361 457 729 540 mitescunt,
763 459 888 524 cito
919 458 1327 541 proveniunt3
1360 459 1705 541 eademque
1739 462 2065 542 utriusque
2096 461 2189 526 rei
2215 479 2423 542 causa,
2457 462 2694 527 multus

363 581 551 628 umor
604 568 918 629 terrarum
980 564 1280 645 caelique.
1372 565 1525 629 Fert
1570 564 1907 631 Britannia
1963 584 2188 631 aurum
2246 572 2312 632 et
2358 572 2694 648 argentum

366 675 435 734 et
480 669 608 734 alia
652 669 923 751 metalla,
983 672 1259 753 pretium
1318 670 1642 736 victoriae.
1734 671 1953 755 Gignit
1997 677 2064 737 et
2110 671 2401 738 Oceanus
2447 689 2696 754 marga-

366 776 510 853 rita,
555 776 667 841 sed
712 774 1006 841 subfusca
1051 795 1127 841 ac
1169 776 1451 841 liventia.
1529 775 1803 854 Quidam
1851 782 2051 843 artem
2087 778 2307 844 abesse
2339 777 2694 860 legentibus
2731 797 2803 850 20

366 882 787 963 arbitrantur3
851 899 996 947 nam
1060 882 1124 946 in
1171 882 1365 947 rubro
1410 882 1573 947 mari
1618 883 1763 947 viva
1807 902 1881 949 ac
1927 884 2232 966 spirantia
2278 885 2443 949 saxis
2489 883 2691 963 avelli,

364 987 430 1051 in
477 987 834 1067 Britannia,
889 993 1081 1069 prout
1126 988 1387 1069 expulsa
1433 987 1594 1065 sint,
1653 989 1890 1070 colligi:
1953 1008 2070 1071 ego
2116 987 2365 1055 facilius
2412 989 2695 1055 credide-

364 1094 503 1171 rim,
551 1099 849 1158 naturam
893 1093 1255 1176 margaritis
1302 1093 1524 1159 deesse
1568 1111 1761 1175 quam
1807 1094 1986 1160 nobis
2034 1096 2386 1162 avaritiam.

549 1204 646 1265 13.
706 1199 840 1281 Ipsi
885 1199 1174 1265 Britanni
1233 1199 1533 1264 dilectum
1591 1217 1665 1264 ac
1705 1189 1966 1265 ⁴tributa
2012 1206 2076 1265 et
2120 1201 2405 1267 iniuncta
2449 1200 2696 1282 imperii

365 1323 632 1370 munera
675 1305 942 1387 impigre
989 1304 1243 1383 obeunt,
1291 1305 1345 1369 si
1392 1305 1664 1370 iniuriae
1710 1303 1946 1369 absint:
2002 1304 2119 1370 has
2164 1323 2358 1388 aegre
2403 1305 2698 1383 tolerant,

364 1412 493 1476 iam
539 1395 760 1476 domiti
806 1415 879 1477 ut
924 1414 1214 1492 pareant,
1263 1410 1543 1475 nondum
1591 1414 1662 1475 ut
1706 1411 2005 1477 serviant.

542 1518 743 1598 Igitur
788 1518 1029 1601 primus
1076 1518 1354 1582 omnium
1386 1515 1814 1582 Romanorum
1860 1517 2040 1582 divus
2085 1516 2284 1581 Iulius
2332 1534 2475 1582 cum
2522 1534 2698 1581 exer-

365 1623 499 1689 citu
529 1622 923 1689 Britanniam
968 1622 1312 1704 ingressuS,
1359 1639 1740 1704 quamquam
1787 1640 2094 1705 prospera
2139 1641 2351 1705 pugna
2397 1622 2699 1687 terruerit
2771 1643 2802 1693 5

363 1729 605 1795 incolas
663 1747 737 1794 ac
790 1730 974 1794 litore
1029 1728 1271 1809 potitus
1318 1728 1431 1809 sit,
1504 1733 1719 1812 potest
1764 1728 1964 1794 videri
2010 1729 2361 1794 ostendisse
2407 1721 2697 1810 posteris,

363 1852 491 1900 non
555 1835 916 1902 tradidisse.
1026 1832 1172 1900 Mox
1233 1832 1403 1899 bella
1469 1833 1677 1899 civilia
1741 1836 1805 1898 et
1867 1835 1934 1899 in
1998 1832 2450 1916 rempublicam
2514 1850 2697 1899 versa

364 1941 718 2022 principum
780 1958 984 2018 arma,
1052 1958 1128 2005 ac
1187 1939 1375 2021 longa
1438 1939 1668 2006 oblivio
1715 1939 2084 2005 Britanniae
2141 1940 2333 2005 etiam
2389 1940 2456 2004 in
2510 1956 2694 2021 pace:

366 2045 696 2112 consilium
759 2045 827 2111 id
890 2045 1072 2110 divus
1137 2047 1464 2127 Augustus
1528 2046 1832 2125 vocabat,
1903 2044 2194 2111 Tiberius
2263 2050 2693 2129 praeceptum.

364 2152 666 2234 Agitasse
709 2151 940 2219 Gaium
990 2149 1333 2216 Caesarem
1381 2151 1459 2216 de
1509 2152 1809 2217 intranda
1847 2149 2183 2217 Britannia
2227 2151 2387 2217 satis
2432 2155 2695 2231 constat,
2737 2171 2805 2221 10

365 2258 433 2322 ni
494 2258 675 2323 velox
737 2257 1020 2341 ingenio,
1089 2256 1339 2322 mobilis
1408 2258 1837 2338 paenitentia,
1908 2262 1977 2322 et
2035 2257 2328 2340 ingentes
2394 2257 2696 2322 adversus

366 2363 770 2432 Germaniam
830 2369 1098 2432 conatus
1154 2360 1398 2429 frustra
1458 2363 1746 2430 fuissent.
1855 2362 2054 2430 Divus
2109 2361 2415 2430 Claudius
2476 2368 2699 2430 auctor

364 2470 580 2537 iterati
624 2472 850 2554 operiS,
896 2470 1277 2537 transvectis
1325 2468 1682 2551 legionibus
1726 2469 2100 2550 auxiliisque
2147 2474 2213 2534 et
2250 2470 2587 2552 adsumpto
2632 2468 2696 2533 in

366 2581 609 2659 partem
654 2595 870 2642 rerum
901 2577 1309 2659 Vespasiano,
1357 2575 1527 2656 quod
1570 2576 1821 2641 initium
1867 2581 2181 2640 venturae
2226 2593 2371 2641 mox
2406 2573 2697 2641 fortunae

363 2680 514 2750 fuit:
548 2684 822 2750 domitae
853 2691 1077 2766 gentes
1111 2682 1280 2764 capti
1311 2699 1511 2763 regeS,
1545 2687 1610 2746 et
1639 2686 2032 2748 monstratus
2063 2678 2211 2747 fatis
2244 2679 2694 2764 Vespasianus,
2739 2696 2801 2749 15

550 2796 652 2860 14.
721 2789 1163 2856 Consularium
1227 2788 1468 2870 primus
1536 2788 1737 2853 Aulus
1798 2788 2086 2854 Plautius
2153 2788 2553 2870 praepositus
2622 2805 2697 2853 ac

365 2895 634 2962 subinde
686 2897 978 2963 Ostorius
1035 2894 1340 2977 Scapula,
1400 2899 1671 2974 uterque
1716 2893 1883 2961 bello
1929 2894 2255 2977 egregius3
2312 2892 2695 2974 redactaque
2761 2974 2766 2975 γ

365 3001 671 3083 paulatim
716 3002 783 3068 in
827 3001 1095 3068 formam
1139 3000 1504 3083 provinciae
1548 2999 1836 3082 proxima
1865 3017 2017 3082 pars
2052 2998 2436 3079 Britanniae,
2477 2998 2697 3064 addita

363 3107 627 3191 insuper
657 3112 1104 3174 veteranorum
1132 3106 1393 3174 colonia.
1464 3104 1789 3183 Quaedam
1823 3104 2112 3171 civitates
2136 3103 2527 3187 Cogidumno
2558 3105 2696 3186 regi

371 3211 642 3279 donatae
702 3215 780 3295 (is
839 3214 924 3280 ad
980 3218 1267 3280 nostram
1328 3229 1528 3293 usque
1598 3211 1965 3277 memoriam
2025 3208 2364 3276 fidissimus
2433 3207 2693 3293 mansit)
2766 3222 2799 3275 5

368 3323 582 3384 vetere
626 3338 702 3386 ac
748 3321 874 3385 iam
920 3318 1166 3401 pridem
1211 3322 1475 3400 recepta
1520 3316 1736 3401 populi
1781 3315 2049 3382 Romani
2099 3314 2572 3395 consuetudine,
2621 3318 2693 3379 ut

367 3422 634 3491 haberet
690 3427 1116 3491 instrumenta
1176 3422 1505 3488 servitutis
1564 3427 1631 3487 et
1682 3440 1884 3504 reges.
1975 3421 2124 3488 Mox
2182 3419 2407 3487 Didius
2469 3419 2693 3488 Gallus

365 3536 553 3614 parta
596 3550 636 3596 a
680 3532 997 3615 prioribus
1044 3529 1382 3609 continuit,
1439 3529 1663 3610 paucis
1717 3527 2054 3594 admodum
2100 3526 2380 3593 castellis
2423 3527 2489 3591 in
2535 3525 2694 3592 ulte-

367 3637 540 3703 riora
583 3638 908 3720 promotiS,
953 3655 1067 3719 per
1112 3653 1276 3716 quae
1321 3633 1491 3699 fama
1521 3634 1690 3699 aucti
1722 3633 1911 3700 officii
1943 3637 2372 3716 quaereretur.
2441 3631 2694 3697 Didium

367 3744 680 3809 Veranius
727 3745 991 3825 excepit,
1037 3743 1217 3823 isque
1263 3741 1435 3805 intra
1479 3757 1715 3806 annum
1761 3741 2107 3805 exstinctus
2152 3743 2270 3806 est.
2354 3737 2694 3804 Suetonius
2735 3749 2800 3799 10

366 3848 513 3916 hinc
547 3849 852 3916 Paulinus
898 3848 1163 3914 biennio.
1196 3862 1534 3928 prosperas
1580 3862 1684 3912 res
1730 3843 1972 3925 habuit,
2019 3845 2302 3910 subactis
2333 3843 2692 3909 nationibus

366 3952 758 4037 firmatisque
803 3954 1161 4038 praesidiis3
1212 3969 1478 4033 quorum
1524 3948 1757 4016 fiducia
1796 3950 2047 4017 Monam
2092 3949 2364 4015 insulam
2412 3956 2484 4015 ut
2527 3948 2692 4014 vires

366 4060 710 4127 rebellibus
756 4060 1223 4125 ministrantem
1272 4058 1611 4139 adgressus
1656 4061 1841 4139 terga
1886 4056 2195 4123 occasioni
2238 4053 2557 4138 patefecit.

552 4171 652 4234 15.
700 4166 988 4248 Namque
1031 4165 1320 4230 absentia
1366 4163 1563 4246 legati
1607 4171 1852 4228 remoto
1898 4168 2074 4228 metu
2114 4162 2403 4227 Britanni
2447 4158 2693 4243 agitare

365 4273 535 4339 inter
577 4290 646 4336 se
692 4271 859 4337 mala
904 4271 1245 4349 servitutis,
1313 4267 1601 4336 conferre
1646 4269 1907 4334 iniurias
1953 4273 2020 4334 et
2063 4265 2541 4348 interpretando
2588 4282 2694 4330 ac-

370 4378 667 4444 cendere:
730 4375 885 4442 nihil
937 4374 1160 4460 profici
1216 4376 1527 4458 patientia
1579 4374 1701 4440 nisi
1759 4380 1829 4439 ut
1887 4373 2183 4456 graviora
2236 4377 2559 4454 tamquam
2619 4388 2691 4435 ex
