2992 4825
959 246 1129 301 Liber
1164 246 1238 304 II.
1302 244 1433 315 Cap.
1470 248 1555 300 72.
1595 247 1681 303 73.

2401 233 2524 295 145

96 391 284 472 amici,
352 391 660 455 dextram
728 388 1056 455 morientis
1126 388 1580 469 contingenteS,
1649 386 1940 469 spiritum
2008 391 2160 452 ante
2228 404 2421 469 quam
2458 406 2528 459 20

98 500 379 564 ultionem
431 496 807 561 amissuros,

256 605 360 665 72.
430 600 607 665 Tum
652 601 735 665 ad
780 618 1041 666 uxorem
1085 617 1307 664 versus
1353 618 1470 682 per
1515 598 1881 663 memoriam
1930 597 2048 677 sui,
2096 615 2211 680 per
2257 615 2421 664 com-

101 725 297 774 munes
343 706 598 772 liberos
644 707 866 785 oravit,
916 698 1175 771 exueret
1217 703 1536 785 ferociam,
1586 703 1892 769 saevienti
1937 701 2229 769 fortunae
2275 704 2424 768 sub-

103 815 359 880 mitteret
392 813 704 891 animum,
752 830 881 877 neu
927 828 1217 891 regressa
1259 810 1329 874 in
1373 811 1596 876 urbem
1630 808 2054 875 aemulatione
2099 810 2423 891 potentiae

105 919 418 984 validiores
452 919 771 983 inritaret.
838 917 997 983 haec
1027 917 1241 1000 palam
1287 921 1353 981 et
1384 916 1515 982 alia
1561 919 1826 995 secreto,
1875 934 1991 997 per
2021 933 2185 996 quae
2217 921 2426 981 osten-

107 1026 230 1090 dere
273 1022 677 1090 credebatur
720 1028 960 1089 metum
1020 1042 1096 1089 ex
1142 1023 1417 1090 Tiberio.

1512 1040 1718 1104 neque
1777 1021 1975 1087 multo
2033 1028 2180 1104 post
2225 1021 2424 1086 ext-in·
2461 1037 2494 1089 5

102 1130 313 1212 guitur,
363 1130 626 1212 ingenti
670 1129 848 1194 luctu
893 1129 1250 1212 provinciae
1296 1134 1360 1194 et
1402 1128 1982 1194 circumiacentium
2027 1127 2423 1210 populorum.

106 1234 409 1300 indoluere
441 1240 708 1299 exterae
740 1235 1031 1299 nationes
1062 1251 1404 1316 regesque:
1451 1240 1634 1299 tanta
1664 1233 1755 1298 illi
1787 1234 2053 1299 comitas
2098 1234 2162 1297 in
2195 1233 2422 1313 socioS‚

108 1338 513 1405 mansuetudo
566 1341 633 1404 in
662 1338 899 1419 hostis3
948 1340 1210 1419 visuque
1257 1344 1322 1405 et
1366 1339 1590 1404 auditu
1634 1338 1812 1402 iuxta
1845 1338 2235 1416 venerabilia
2283 1355 2426 1404 cum

112 1445 600 1527 magnitudinem
660 1449 725 1510 et
769 1445 1152 1527 gravitatem
1200 1462 1484 1509 summae
1540 1443 1834 1510 fortunae
1877 1445 2206 1524 retineret,
2267 1443 2426 1508 invi-

108 1552 254 1616 diam
298 1557 364 1616 et
410 1551 867 1634 adrogantiam
915 1548 1241 1633 effugerat.

2464 1564 2532 1617 10

266 1663 367 1723 73.
416 1658 646 1722 Funus
693 1657 829 1722 sine
861 1657 1240 1739 imaginibus
1286 1662 1353 1721 et
1395 1674 1628 1738 pompa
1673 1675 1787 1738 per
1815 1655 2038 1721 laudes
2084 1673 2159 1720 ac
2190 1673 2426 1720 memo-

115 1764 249 1827 riam
277 1764 597 1828 virtutum
630 1764 768 1828 eius
802 1762 1047 1828 celebre
1090 1761 1229 1831 fuit.
1325 1769 1391 1828 et
1430 1768 1613 1828 erant
1659 1763 1768 1843 qui
1798 1761 2081 1842 formam,
2128 1766 2424 1842 aetatem,

118 1886 286 1949 genus
330 1871 585 1949 mortiS‚
635 1869 715 1934 ob
762 1868 1300 1950 propinquitatem
1346 1869 1542 1934 etiam
1585 1867 1886 1949 locorum,
1948 1868 2014 1933 in
2058 1868 2286 1949 quibus
2331 1866 2426 1932 in-

122 1974 289 2053 teriit,
374 1976 605 2057 magni
674 1974 1013 2040 Alexandri
1087 1973 1235 2039 fatis
1308 1974 1763 2056 adaequarent.

1868 1992 2014 2039 nam
2088 1978 2428 2056 utrumque

128 2096 353 2160 corpore
410 2081 671 2161 decore,
739 2098 973 2162 genere
1018 2080 1268 2161 insigni,
1339 2079 1511 2144 haud
1575 2080 1844 2145 multum
1901 2080 2165 2163 triginta
2224 2096 2425 2145 annos
2463 2091 2497 2144 5

132 2202 431 2267 egressum,
481 2204 750 2252 suorum
795 2186 1040 2251 insidiis
1087 2191 1384 2251 externas
1432 2187 1598 2251 inter
1645 2193 1869 2269 gentes
1918 2186 2256 2252 occidisse:
2314 2187 2427 2251 sed

128 2288 268 2355 hunc
293 2293 508 2357 mitem
546 2310 703 2374 erga
731 2292 983 2372 amicos,
1032 2292 1347 2358 modicum
1380 2290 1799 2373 voluptatum,
1849 2311 1971 2357 uno
2003 2293 2424 2371 matrimonio,

136 2396 297 2461 certis
331 2398 555 2465 liberis
603 2400 824 2481 egisse,
872 2416 1075 2479 neque
1120 2399 1327 2464 minus
1374 2397 1840 2481 proeliatorem,
1899 2398 2093 2464 etiam
2137 2400 2192 2465 si
2236 2403 2432 2465 teme-

133 2502 264 2567 ritas
301 2503 540 2570 afuerit
570 2505 1106 2588 praepeditusque
1147 2504 1230 2570 sit
1259 2503 1581 2587 perculsas
1614 2510 1712 2570 tot
1740 2505 2018 2572 victoriis
2051 2504 2432 2572 Germanias

131 2608 354 2676 servitio
421 2631 736 2694 premere.

839 2611 1010 2693 quod
1074 2613 1129 2676 si
1198 2611 1368 2677 solus
1436 2612 1677 2677 arbiter
1741 2630 1975 2692 rerum,
2043 2613 2101 2677 si
2162 2613 2299 2678 iure
2368 2617 2433 2678 et
2470 2623 2538 2673 10

132 2715 346 2781 nomine
412 2719 597 2800 regio
665 2715 903 2798 fuisset,
976 2721 1155 2782 tanto
1224 2719 1578 2800 promptius
1645 2718 2092 2784 adsecuturum
2160 2718 2432 2802 gloriam

137 2819 374 2902 militiae,
420 2829 737 2905 quantum
784 2824 1138 2904 clementia,
1190 2824 1633 2906 temperantia,
1681 2825 1912 2890 ceteris
1959 2825 2138 2890 bonis
2186 2825 2432 2890 artibus

134 2929 549 3002 praestitisset.
643 2948 872 3012 corpus
939 2935 1278 3011 antequam
1342 2934 1732 2996 cremaretur
1799 2932 2103 2997 nudatum
2173 2932 2239 2995 in
2296 2929 2431 2996 foro

136 3029 640 3116 Antiochensium,
688 3036 796 3118 qui
841 3035 1018 3100 locus
1065 3035 1433 3118 sepulturae
1464 3036 1926 3117 destinabatur,
1978 3036 2432 3119 praetuleritne

192 3258 272 3330 72,
305 3266 356 3321 2.
390 3264 601 3323 ferocia
620 3267 664 3332 I,
689 3268 778 3332 123
805 3280 902 3318 zur
919 3264 1095 3320 Sache
1116 3265 1160 3333 1,
1179 3268 1266 3320 33.

193 3348 235 3399 5.
267 3355 459 3404 metum
498 3368 584 3420 ex,
621 3354 721 3408 wie
761 3353 806 3421 1,
842 3355 929 3407 29.
967 3354 1039 3421 ΙΙ,
1076 3354 1161 3407 38.
1201 3383 1267 3391 -

133 3444 281 3577 *⁸0qu
327 3440 496 3495 multo
543 3446 675 3511 post
729 3456 819 3495 am
877 3445 957 3495 10.
1014 3441 1146 3496 Okt.
1204 3443 1270 3496 19

136 3533 179 3572 n.
283 3541 328 3582 r.

137 3691 173 3744 P
197 3611 241 3663 7.
290 3612 611 3671 indolescere
669 3624 788 3672 erst
847 3617 901 3671 in
962 3615 1272 3672 nachklaSS.

175 3710 302 3753 rosa.

198 3785 242 3840 9.
273 3792 735 3859 maynitudinem:
770 3793 1034 3862 ,Hoheit‘.

201 3871 281 3944 73,
333 3881 384 3932 4.
456 3880 769 3949 adaequare
823 3906 894 3926 =
947 3895 1272 3950 comparare

145 3970 233 4011 nur
264 3961 396 4021 hier.

202 4047 246 4103 6.
278 4065 497 4109 suorum
529 4056 772 4125 insidiis,
811 4057 881 4112 da
909 4058 1000 4112 ein
1026 4057 1274 4112 Geriicht

149 4134 268 4188 auch
299 4156 400 4196 von
439 4144 763 4214 Vergiftung
800 4146 1144 4201 Alexanders
1181 4161 1273 4215 ge-

150 4225 403 4286 sproehen.

210 4313 254 4364 7.
284 4318 512 4374 modicus
560 4322 657 4377 mit
703 4321 881 4378 einem
927 4321 1063 4378 Gen.
1116 4321 1273 4377 relat.

241 4415 419 4467 Tacitus
444 4425 677 4472 Annalen.

1375 3263 1519 3319 auch
1553 3263 1652 3332 ΙΙΙ,
1691 3266 1775 3317 72.
1812 3262 1907 3329 IV,
1947 3266 2033 3319 52.
2071 3263 2167 3332 VI,
2204 3267 2298 3329 393
2338 3266 2537 3323 ebenso

1375 3351 1692 3406 immodicus
1728 3351 1847 3417 XV,
1885 3354 1982 3419 233
2021 3351 2074 3405 h.
2112 3352 2158 3418 Ι,
2194 3354 2282 3408 53.

1449 3442 1499 3496 8.
1525 3440 1686 3494 certis
1700 3459 1716 3492 .·
1736 3439 1968 3498 ehelich.
1991 3441 2377 3509 —proeliator
2398 3442 2540 3498 auch

1381 3528 1511 3584 dial.
1548 3532 1632 3595 37,
1669 3528 2108 3584 nachklassisch.

1457 3621 1538 3671 11.
1593 3615 1982 3670 adsecuturum
2042 3633 2116 3672 sc.
2178 3617 2368 3689 fuisse,
2439 3621 2540 3677 wie

1378 3703 1446 3759 K.
1483 3707 1568 3758 31.

1452 3794 1534 3846 14.
1585 3791 1870 3860 sepultura
1929 3793 2051 3848 hier
2111 3811 2215 3849 nur
2275 3812 2380 3850 von
2443 3795 2541 3851 der

1378 3880 2003 3951 Leichenverbrennung
2027 3899 2095 3936 zu
2119 3883 2431 3951 verstehen,
2470 3885 2540 3940 da

1380 3969 1466 4024 die
1521 3969 1848 4038 Beisetzung
1910 3970 2008 4025 der
2060 3971 2241 4026 Asche
2301 3973 2355 4027 in
2417 3971 2540 4028 dem

1380 4057 1637 4111 Grabmal
1688 4057 1786 4112 des
1825 4060 2108 4127 Augustus
2153 4076 2222 4113 zu
2266 4058 2407 4114 Rom
2451 4076 2540 4115 er-

1377 4145 1548 4213 folgte
1587 4146 1686 4213 111,
1722 4148 1775 4200 4.
1850 4147 2000 4200 Aber
2050 4147 2189 4202 auch
2237 4164 2308 4201 zu
2344 4149 2541 4205 Antio-

1379 4234 1538 4290 chien
1585 4234 1774 4289 wurde
1822 4236 1962 4290 nach
2002 4234 2072 4292 K.
2108 4239 2177 4291 83
2228 4236 2317 4291 ein
2363 4237 2541 4306 sepul·

1378 4323 1565 4377 chrum
1600 4323 1885 4379 errichtet.

2267 4434 2331 4485 10
