2992 4825
299 210 309 220 ’
363 243 368 249 “
418 231 496 291 38
1103 239 1279 295 Taciti
1318 224 1702 294 Germaniae.
1740 242 1827 306 22,
1863 241 1933 292 23
1972 255 2025 292 u.
2061 241 2150 295 24.

1032 431 1113 487 6.
1169 433 1640 487 Haueliohes
1674 431 1966 491 Leben.
2037 430 2335 500 Gelage.

426 622 432 628 q
701 546 801 606 22.
849 541 1077 607 Statim
1125 560 1163 605 a
1210 558 1448 620 somno,
1495 558 1681 621 quem
1726 539 2100 620 plerumque
2144 539 2207 602 in
2256 538 2420 603 diem
2491 536 2869 616 extrahunt,

364 665 374 672 ·
522 648 833 726 lavantur,
881 648 1136 729 saepius
1183 646 1410 728 calida,
1457 654 1531 710 ut
1562 647 1731 727 apud
1764 663 1920 727 quos
1950 644 2286 725 plurimum
2316 644 2534 708 hiems
2572 652 2869 724 occupat.

522 754 713 818 Lauti
780 754 983 819 cibum
1030 754 1319 835 capiunt3
1387 758 1722 834 separatae
1788 750 2052 833 siugulis
2116 752 2296 815 sedes
2342 756 2408 814 et
2468 768 2601 815 sua
2654 752 2872 831 cuique

522 877 757 924 mensa.
851 860 1011 924 Tum
1061 861 1142 924 ad
1187 859 1443 941 negotia
1497 876 1613 922 nec
1660 857 1868 921 minus
1929 875 2117 938 saepe
2165 855 2247 920 ad
2292 856 2603 921 convivia.
2652 875 2870 939 proce-

454 987 486 1038 5
526 965 683 1030 dunt
745 967 990 1031 armati.
1083 967 1264 1030 Diem
1329 969 1699 1045 noctemque
1746 963 2114 1029 continuare
2160 963 2442 1044 potando
2504 962 2685 1026 nulli
2730 981 2869 1044 pro-

524 1072 725 1138 brum.
792 1069 1087 1152 Crebrae,
1120 1077 1191 1136 ut
1221 1073 1388 1136 inter
1419 1055 1788 1150 vinolentoS,
1832 1070 2006 1133 rixae
2036 1086 2180 1134 raro
2212 1067 2538 1148 conviciiS,
2605 1069 2868 1152 saepius

525 1179 717 1243 caede
783 1184 845 1243 et
905 1178 1269 1256 vulneribus
1337 1178 1797 1259 transiguntur.
1909 1175 2033 1240 Sed
2099 1179 2163 1239 et
2220 1176 2300 1239 de
2363 1174 2867 1241 reconciliandis

525 1285 808 1350 invicem·
834 1283 1101 1349 inimicis
1149 1291 1213 1348 et
1257 1282 1593 1365 iungendis
1623 1281 2057 1348 adfinitatibus
2105 1286 2169 1346 et
2214 1280 2666 1346 adsciscendis
2699 1282 2867 1365 prin-

504 1388 787 1470 cipibuS,
851 1389 930 1454 de
977 1407 1128 1471 pace
1177 1389 1443 1470 denique
1488 1371 1563 1453 ac
1612 1388 1774 1454 bello
1821 1387 2191 1470 plerumque
2238 1381 2302 1450 in
2348 1388 2679 1452 conviviis
2727 1406 2865 1453 con-

425 1516 491 1567 10
527 1490 785 1575 sultant,
859 1499 1177 1575 tamquam
1225 1494 1396 1564 nullo
1443 1496 1643 1577 magis
1679 1502 1969 1575 tempore
2019 1497 2131 1558 aut
2176 1492 2257 1557 ad
2294 1492 2657 1584 ,simplices
2705 1496 2866 1577 cogi·

527 1601 803 1665 tationes
850 1604 1067 1681 pateat
1129 1600 1376 1665 animus
1441 1608 1553 1664 aut
1597 1601 1678 1664 ad
1723 1616 1987 1681 magnas
2051 1598 2407 1664 incalescat.
2506 1597 2698 1663 Gens
2745 1618 2865 1665 non

430 1704 440 1712 “
529 1711 744 1772 astuta
788 1724 904 1772 nec
951 1702 1179 1772 callida
1244 1707 1451 1788 aperit
1494 1695 1701 1771 adhuc
1765 1711 2014 1771 secreta
2058 1704 2333 1786 pectoris
2391 1703 2670 1769 licentia
2715 1706 2864 1788 ioci3

528 1832 679 1896 ergo
728 1814 981 1878 detecta
1026 1818 1092 1879 et
1137 1814 1305 1879 nuda
1349 1815 1625 1879 omnium
1672 1795 1906 1879 mens(
1965 1811 2228 1876 Postera
2282 1812 2384 1875 die
2439 1816 2863 1891 retractatur,

528 1925 593 1984 et
639 1919 815 1984 salva
862 1910 1190 2002 utriusque
1236 1921 1538 2002 temporis
1586 1921 1749 1985 ratio
1796 1925 1919 1984 est:
1989 1917 2360 1997 deliberant,
2412 1917 2566 1982 dum
2618 1917 2866 2000 fingere

311 2067 336 2084 -.
426 2033 491 2086 15
529 2026 833 2105 nesciunt,
883 2026 1297 2107 constituunt,
1349 2027 1497 2104 dum
1545 2044 1759 2093 errare
1804 2043 1930 2093 non
1974 2029 2258 2106 possunt.
2292 2106 2300 2114 ι

424 2290 614 2344 domus
675 2295 868 2357 patent
930 2291 1215 2358 victusque
1287 2292 1581 2345 communi-

426 2383 601 2432 catur.

908 2537 966 2595 G.
1002 2543 1091 2593 22.

340 2698 344 2703 ,
445 2637 448 2640 ’
497 2648 550 2701 2.
584 2642 803 2711 saepius
828 2643 1029 2710 calida,
1068 2644 1152 2698 oft
1173 2643 1294 2699 also
1312 2645 1453 2700 auch
1477 2645 1582 2719 fri-

424 2730 586 2800 qida5
622 2732 727 2798 vgl.
769 2732 890 2786 Cas.
932 2733 978 2786 b.
1014 2731 1078 2787 G.
1116 2731 1213 2800 1v,
1255 2739 1308 2797 13
1372 2734 1460 2803 VI,
1497 2738 1585 2790 21.

427 2820 565 2873 Ζιιιιι
604 2819 890 2875 Gebrauch
935 2837 1162 2876 warmer
1199 2821 1380 2876 Bader
1432 2823 1587 2876 hatte

429 2923 552 2962 man
615 2908 691 2961 im
746 2908 823 2962 M.
895 2912 960 2962 A.
1041 2909 1382 2966 Badestuben
1455 2910 1589 2966 oder

390 3022 405 3047 ⁷-
431 2997 697 3052 Wannen.

491 3071 794 3152 plurimum
869 3090 1098 3153 occupat
1119 3105 1135 3138 .·
1226 3087 1411 3141 macht
1484 3087 1589 3142 den

429 3173 677 3241 grossten
714 3172 835 3226 Teil
873 3174 966 3228 des
996 3159 1202 3228 'Jahres
1240 3190 1356 3231 aus,

373 3254 377 3259 ’
502 3266 550 3317 3.
588 3267 876 3330 separatae
909 3262 1058 3316 sedes
1094 3265 1166 3316 im
1204 3264 1277 3317 M.
1316 3270 1379 3318 ·A.
1422 3263 1587 3332 „Sun-

431 3351 655 3405 dersit“.
716 3338 985 3418 Ubrigens
1009 3368 1114 3406 nur
1151 3352 1251 3406 auf
1285 3351 1386 3407 den
1411 3352 1587 3406 Haus-

433 3450 585 3494 vater
622 3457 692 3493 zu
730 3439 1007 3494 beziehen.

503 3533 552 3583 5.
602 3527 740 3614 diem
784 3533 1089 3596 noctemque
1137 3528 1459 3582 continuare
1486 3544 1588 3597 po·

431 3616 630 3671 tando:
690 3632 813 3671 vom
851 3617 1000 3715 Tage
1036 3618 1093 3671 in
1131 3616 1216 3672 die
1254 3617 1435 3672 Nacht
1470 3619 1590 3672 hin-

431 3708 518 3762 ein
553 3707 786 3760 trinken.

388 3862 393 3866 ι
503 3799 552 3850 6.
586 3801 653 3849 ut
676 3795 1000 3849 verkiirzter
1038 3794 1591 3863 Vergleichungssatz

380 3872 383 3875 ¹
433 3885 531 3941 wie
557 3901 614 3939 ·c.
651 3890 686 3939 2
723 3889 785 3937 ut
820 3884 883 3936 in
918 3882 1153 3939 lieentia.

502 3972 778 4037 conviciis,
816 3974 920 4040 vgl.
958 3973 1243 4041 Nibelung.
1282 3976 1447 4029 2282:
1488 3974 1587 4028 daz

434 4077 501 4117 en
545 4064 675 4117 zimt
717 4062 838 4115 niht
883 4061 1044 4116 helde
1081 4062 1176 4131 lip,
1231 4062 1333 4116 daz
1381 4065 1428 4118 si
1465 4064 1591 4119 suln

433 4153 693 4208 schelden
730 4168 843 4207 sam
881 4152 972 4206 diu
1009 4152 1158 4206 alten
1194 4153 1314 4206 wib.

502 4245 553 4295 8.
592 4241 957 4295 adsciscendis
999 4240 1381 4308 principibus.-
1434 4242 1590 4296 bera·

323 4328 330 4335 ‘
435 4336 547 4399 ten,
585 4331 791 4384 welche
827 4346 950 4383 man
996 4331 1081 4384 als
1118 4330 1456 4399 Hauptlinge
1493 4331 1591 4384 der

1687 2287 2145 2356 Volksgemeinde
2214 2288 2584 2356 vorschlagen
2625 2298 2630 2301 ’
2661 2288 2858 2343 wollte.

1689 2376 2011 2432 adsciscere:
2047 2392 2141 2432 an·
2180 2376 2313 2432 oder
2347 2376 2714 2433 aufnehmen.

1761 2470 1844 2520 10.
1866 2465 2162 2533 simplices:
2181 2465 2491 2529 einfach‚
2516 2474 2693 2521 entw.
2713 2468 2859 2521 nicht

1690 2554 1994 2622 schwierig,
2027 2555 2182 2609 nicht
2206 2554 2550 2622 verwickelt,
2585 2556 2732 2610 oder
2766 2573 2858 2609 un—

1691 2644 1957 2712 verstellt,
1995 2645 2414 2711 uugeheuchelt.

1750 2738 1849 2788 ,11.
1866 2732 2211 2797 incalescatr
2224 2734 2342 2788 sich
2367 2731 2746 2802 entflammen,
2773 2734 2859 2789 be·

1691 2821 1951 2890 geistern.

1769 2914 1848 2964 12.
1886 2914 2073 2962 astuta
2108 2909 2479 2978 verschmitzt‚
2519 2909 2740 2965 callida
2771 2927 2856 2978 ge-

1689 2997 1894 3051 rieben.

1762 3085 1972 3147 adhuc:
2027 3087 2201 3140 noch
2239 3088 2476 3153 heute,
2536 3087 2640 3141 mit
2690 3088 2858 3142 einem

1695 3173 2020 3228 Seitenblick
2045 3175 2147 3241 ,auf
2168 3175 2324 3232 Rom.
2395 3162 2733 3246 uberhaupt
2755 3193 2859 3232 vm·

1695 3268 1829 3316 rom.
1857 3263 1963 3316 und
1997 3279 2172 3330 germ.
2196 3265 2382 3319 Leben
2422 3265 2559 3319 sehr
2585 3268 2858 3321 verschie-

1695 3351 1816 3405 den.
1890 3350 2201 3419 Surgebant
2226 3352 2473 3420 Quirites
2505 3362 2641 3409 ante
2668 3355 2860 3421 lucem,

1694 3438 2016 3494 lavabantur
2039 3448 2167 3508 post
2183 3440 2372 3509 pilam,
2405 3442 2612 3495 iunctis
2640 3437 2860 3499 sedibus

1694 3527 1987 3590 cenabant3
2025 3543 2095 3582 ne
2133 3529 2256 3595 quis
2293 3529 2351 3582 in
2376 3529 2512 3582 urbe
2541 3547 2677 3584 cum
2701 3533 2860 3587 armis

1696 3627 1858 3682 esset,
1896 3616 2105 3685 legibus
2143 3616 2248 3669 XII
2285 3617 2606 3672 tabularum
2643 3631 2859 3676 cautum

1697 3716 1848 3770 erat;
1909 3714 2035 3760 ante
2087 3707 2339 3760 lucernas
2378 3715 2577 3775 potare
2631 3710 2859 3776 ignomi-

1694 3795 1907 3849 niosum
1945 3795 2266 3862 habebatur,
2305 3813 2403 3863 per
2429 3798 2692 3853 convivia
2718 3799 2857 3853 deni·

1695 3900 1802 3953 que
1891 3894 2080 3939 mutua
2165 3884 2468 3940 diffidentia
2569 3889 2856 3956 regnabat.

1692 3973 1930 4030 Passow.

1769 4068 1851 4117 14.
1888 4062 2088 4117 salva.
2128 4102 2142 4118 .
2182 4061 2378 4118 ‚ratio
2414 4069 2522 4118 est.-
2583 4064 2726 4120 wird
2773 4079 2856 4133 ge·

1695 4150 1977 4206 bfihrende
2014 4151 2316 4206 Racksicht
2353 4168 2699 4221 genommen,
2756 4153 2856 4208 bei·

1696 4240 1868 4295 derlei
1904 4242 2099 4296 Zeiten
2134 4241 2421 4307 geschieht
2460 4241 2548 4295 ihr
2589 4242 2791 4297 Recht-

1765 4327 1894 4381 dum
1932 4350 1995 4373 =
2036 4337 2153 4382 tum
2190 4341 2332 4383 cum.
