2992 4825
957 270 1123 324 Liber
1158 271 1230 329 11.
1291 269 1424 340 Cap.
1460 273 1512 325 9.
1553 273 1637 326 io.
2422 262 2507 321 93

77 415 250 508 {tergo
281 411 662 476 nuntiatur:
708 412 938 477 missus
969 412 1112 477 ilico
1145 411 1487 478 Stertinius
1536 431 1674 477 cum
1722 413 1933 493 equite
1978 416 2044 477 et
2072 419 2402 479 armatura

77 511 190 581 *levi
233 517 385 597 igne
437 522 505 582 et
550 517 850 582 caedibus
894 518 1225 599 perfidiam
1270 518 1443 584 ultus
1490 523 1605 583 est.
2438 539 2507 590 15

77 647 80 678 t
240 628 299 689 9.

402 622 665 688 Flumen
719 624 1003 706 Visurgis
1061 625 1378 689 Romanos
1435 622 1913 704 Cheruscosque
1975 621 2395 690 interfluebat.

77 727 198 794 Seius
241 728 304 791 in
357 729 509 809 ripa
538 747 680 793 cum
726 729 955 795 ceteris
1000 730 1380 811 primoribus
1414 729 1734 793 Arminius
1764 727 2035 808 adstitit,
2083 728 2400 810 quaesito-

77 850 187 913 que
234 851 322 897 an
374 832 624 899 Caesar
678 835 973 915 venisset,
1037 842 1375 917 postquam
1432 835 1661 899 adesse
1720 852 2090 917 responsum
2150 839 2266 913 est,
2327 838 2403 898 ut

77 929 285 1003 *liceret
335 958 485 1005 cum
531 939 733 1006 fratre
792 940 1079 1022 conloqui
1127 942 1352 1008 oravit.
1446 947 1590 1005 erat
1631 940 1687 1004 is
1731 940 1799 1003 in
1847 939 2125 1004 exercitu
2173 957 2401 1022 cogno-

97 1049 270 1109 mento
318 1045 580 1126 FlavuS,
646 1048 909 1128 insignis
955 1044 1077 1111 fide
1124 1053 1193 1112 et
1237 1047 1468 1112 amisso
1515 1065 1631 1127 per
1676 1046 1906 1110 vulnus
1952 1045 2133 1111 oculo
2180 1044 2400 1128 paucis
2437 1065 2471 1117 5

94 1158 215 1214 ante
263 1153 462 1216 annis
509 1153 664 1217 duce
696 1152 966 1217 Tiberio.
1056 1159 1191 1217 tum
1239 1153 1554 1233 permissu
1582 1150 1651 1187 ’¹³³¹‘
1696 1169 2197 1233 progressusque
2228 1151 2399 1216 salu-

94 1260 241 1319 tatur
286 1256 375 1321 ab
427 1258 744 1336 Armini03
791 1259 898 1338 qui
944 1260 1171 1323 amotis
1217 1259 1651 1341 stipatoribuS,
1699 1262 1775 1322 ut
1818 1257 2135 1338 sagittarii
2180 1261 2398 1322 nostra

95 1379 184 1441 pro
227 1363 371 1442 ripa
433 1364 722 1445 dispositi
785 1364 1204 1429 abscederent
1246 1363 1553 1447 postulat,
1617 1370 1681 1428 et
1726 1373 2063 1445 postquam
2112 1361 2397 1445 digressi,

77 1466 233 1531 ¹unde
278 1486 360 1532 ea
395 1467 765 1553 deformitas
813 1469 941 1534 oris
970 1471 1325 1552 interrogat
1370 1468 1653 1536 fratrem.
1731 1468 1839 1533 illo
1870 1468 2079 1533 locum
2126 1473 2190 1533 et
2219 1486 2398 1549 proe-

77 1561 220 1662 {lium
264 1572 606 1654 referente,
655 1574 971 1657 quodnam
1004 1577 1356 1658 praemium
1403 1576 1753 1657 recepisset
1799 1575 2089 1655 exquirit.
2160 1572 2394 1638 Flavus
2438 1594 2507 1644 10

99 1684 259 1742 aucta
322 1679 663 1761 stipendia,
730 1688 1018 1762 torquem
1082 1687 1147 1746 et
1208 1700 1501 1747 coronam
1560 1681 1810 1761 aliaque
1869 1680 2172 1744 militaria
2230 1681 2399 1744 dona

77 1790 402 1870 memorat,
449 1785 765 1849 inridente
813 1787 1096 1850 Arminio
1141 1786 1293 1851 vilia
1336 1786 1577 1851 servitii
1624 1787 1853 1867 pretia.

250 1896 349 1957 10.
416 1889 599 1953 Exim
647 1891 883 1955 diversi
929 1892 1281 1971 ordiuntur,
1328 1892 1429 1957 hic
1476 1891 1981 1973 magnitudinem
2023 1889 2394 1970 Romanam,

112 2008 223 2072 opes
266 1993 568 2059 Caesaris
623 2001 687 2061 et
732 1997 915 2062 victis
972 2017 1199 2080 graves
1258 2016 1513 2079 poenaS,
1575 1997 1641 2062 in
1689 1996 2071 2061 deditionem
2118 1995 2398 2061 venienti

121 2107 359 2177 paratam
407 2101 840 2181 clementiam3
908 2122 1115 2184 neque
1161 2106 1489 2187 coniugem
1536 2110 1605 2169 et
1650 2101 1846 2168 filium
1902 2103 2040 2166 eius
2084 2101 2398 2167 hostiliter

114 2201 321 2271 haberi:
369 2207 477 2271 ille
508 2206 604 2272 fas
636 2211 896 2291 patriae,
942 2209 1304 2275 libertatem
1338 2210 1597 2288 avitam,
1644 2207 1992 2290 penetralis
2023 2208 2397 2273 Germaniae

110 2306 253 2391 deos,
305 2318 578 2377 matrem
637 2333 894 2395 precum
942 2317 1214 2396 sociam,
1282 2334 1362 2381 ne
1408 2316 1905 2396 propinquorum
1962 2320 2029 2378 et
2074 2310 2393 2391 adfinium,
2433 2333 2467 2383 5

109 2414 345 2498 denique
384 2421 593 2500 gentis
641 2439 795 2486 suae
842 2422 1131 2488 desertor
1189 2429 1257 2488 et
1301 2422 1586 2504 proditor
1632 2440 1821 2501 quam
1869 2423 2213 2502 imperator
2257 2436 2396 2484 esse

79 2520 82 2543 f

167 2666 237 2717 15.
268 2663 387 2733 ique
423 2671 474 2720 et
509 2665 767 2721 caedibus
803 2667 910 2736 vgl.
944 2667 1013 2722 Κ.
1042 2673 1112 2724 52
1147 2669 1233 2723 in·

118 2749 268 2804 cendia
302 2758 352 2806 et
386 2753 577 2807 caedes
585 2773 605 2821 ;
667 2755 815 2823 XIV,
852 2759 922 2811 26
974 2757 1234 2812 caedibus

119 2840 154 2887 et
175 2838 451 2909 incendiis5
490 2846 558 2897 33
597 2844 788 2898 caedes
826 2884 838 2898 .
869 2885 883 2898 .
919 2844 1089 2912 iques.

116 2991 217 3067 Καρ.
249 2999 280 3057 9
304 3013 361 3057 u.
389 2998 472 3058 10.
534 2998 821 3059 Arminius
855 3000 972 3059 und
1006 3001 1233 3061 Flavus.

160 3100 207 3172 9,
243 3109 288 3160 1.
324 3104 608 3160 Romanos
637 3105 1038 3177 Cheruscosque
1060 3110 1231 3163 inter-

109 3187 268 3250 fluebat
301 3195 407 3262 vgl.
447 3194 575 3250 hist.
596 3196 694 3265 111,
714 3199 745 3251 5
767 3196 1002 3267 (Aenus)
1026 3197 1235 3252 Raetos

109 3273 409 3350 Noricosque
443 3284 733 3351 interfluit.

161 3371 203 3422 2.
235 3370 476 3437 quaesito
513 3372 570 3425 in
594 3372 838 3441 gleicher
863 3372 1089 3427 Konstr.
1129 3390 1233 3427 nur

112 3455 224 3509 noch
260 3458 348 3528 VI,
393 3461 456 3513 15
508 3461 753 3529 quaesito
789 3476 925 3530 quos
969 3503 983 3517 .
1009 3503 1025 3518 .
1071 3463 1232 3517 desti·

109 3550 250 3600 naret.

161 3633 202 3685 4.
235 3640 347 3688 erat
384 3635 489 3705 vgl.
526 3637 570 3704 I,
612 3638 679 3690 16
725 3642 849 3691 erat
883 3638 947 3690 iu
983 3638 1195 3693 eastris.

161 3721 204 3777 6.
226 3723 497 3789 permissu
534 3723 633 3777 hat
658 3741 782 3779 man
820 3726 875 3779 in
903 3726 1232 3793 permissum

111 3816 166 3857 sc.
198 3817 274 3864 est
308 3811 578 3879 geandert
625 3812 759 3867 oder
808 3814 926 3868 also
975 3805 1229 3881 erganzt:

104 3898 337 3955 semisse
353 3899 706 3967 imperatoris
723 3900 1012 3954 deducitur
1030 3918 1066 3954 a
1086 3900 1232 3956 Ster-

112 3978 223 4036 tinio
258 3986 374 4055 (ng.
413 3987 477 4041 K.
508 3991 613 4054 10).
676 3987 819 4043 Eine
844 3986 1234 4058 Unterredung

113 4070 187 4123 mit
218 4076 378 4130 einem
415 4075 626 4130 Feinde
678 4076 859 4131 durfte
896 4077 1049 4132 nicht
1088 4079 1230 4132 ohne

114 4151 370 4217 Erlaubnis
409 4163 503 4218 des
531 4164 844 4220 Feldherrn
883 4165 1226 4220 stattfinden.

167 4248 208 4305 8.
235 4265 362 4315 pro:
399 4268 551 4320 ,vorn
592 4253 725 4307 auf‘.
786 4255 1011 4308 Ehenso
1048 4254 1167 4325 XV,
1194 4259 1227 4310 3

111 4343 195 4394 pro
225 4338 358 4405 ripa.

1411 2671 1461 2724 9.
1497 2666 1645 2721 uude
1681 2681 1756 2722 sc.
1795 2667 1896 2736 sit3
1933 2665 1977 2733 I,
2016 2668 2101 2720 33.
2127 2667 2222 2729 603
2262 2663 2369 2733 vgl.
2394 2663 2440 2731 1,
2472 2668 2497 2718 1

1338 2757 1484 2815 iude.

1413 2850 1497 2900 11.
1535 2849 1701 2898 aucta
1737 2841 2016 2911 stipendia
2052 2842 2096 2909 I,
2134 2843 2220 2895 26.

1410 2933 1506 3004 10,
1546 2938 1595 2987 1.
1633 2930 1866 2986 diversi.-
1904 2929 2243 2984 einander
2266 2929 2502 2983 wider·

1341 3022 1603 3077 streite
1620 3019 1718 3077 nd.
1793 3020 1897 3073 Die
1946 3024 2499 3086 entgegengesetzten

1339 3109 1651 3164 Ansichten
1697 3108 1920 3161 werden
1971 3105 2144 3161 durch
2195 3106 2281 3159 hie
2327 3148 2376 3164 ..
2412 3106 2506 3160 dle

1341 3198 1485 3253 ohne
1504 3197 1748 3251 Verbum
1773 3196 1989 3250 dicendi
2012 3195 2353 3264 eingefiihrt3
2391 3195 2498 3264 vgl.

1340 3287 1385 3355 1,
1422 3288 1456 3340 9
1491 3285 1644 3339 varie
1680 3325 1692 3339 .
1719 3324 1732 3338 .
1769 3283 1828 3336 hi
1852 3325 1865 3338 .
1888 3303 1942 3351 .,·
1978 3286 2049 3338 80
2088 3283 2243 3337 varie
2266 3283 2500 3336 tradun-

1340 3378 1465 3427 tur.-
1505 3371 1606 3425 alii
1645 3411 1656 3424 .
1684 3413 1698 3426 .
1736 3372 1979 3441 quidam.

1413 3464 1463 3518 3.
1501 3459 1782 3530 couiuyem
1818 3464 1869 3514 et
1900 3459 2077 3525 filium
2111 3461 2154 3525 Ι,
2192 3463 2278 3514 58.

1409 3553 1460 3604 4.
1476 3548 1781 3618 penetralis
1804 3549 2137 3604 dichterisch
2151 3548 2240 3602 fur
2249 3553 2499 3616 penates.

1338 3640 1554 3708 Wegen
1591 3639 1686 3694 des
1716 3639 1985 3693 Zusatzes
2012 3636 2341 3693 Germaniae
2377 3639 2500 3692 sind

1341 3728 1427 3782 die
1467 3727 1910 3795 Nationalgotter
1963 3726 2226 3781 darunter
2271 3742 2342 3779 zu
2377 3742 2498 3780 ver-

1339 3817 1551 3871 stehen.

1410 3907 1460 3962 5.
1497 3910 1741 3969 matrem,
1782 3903 1949 3958 deren
1984 3903 2238 3970 alleinige
2272 3902 2498 3957 Erwah·

1339 4009 1491 4060 nung
1539 3991 1636 4046 auf
1685 3993 1792 4046 den
1842 3992 2014 4046 schon
2063 3990 2332 4058 erfolgten
2379 3991 2497 4044 Tod

1338 4081 1434 4135 des
1471 4081 1676 4134 Vaters
1716 4079 2013 4134 schliessen
2053 4080 2202 4134 laist.

1408 4171 1456 4222 6.
1513 4168 1815 4235 imperator
1870 4175 2005 4222 statt
2048 4168 2313 4236 princeps
2365 4167 2501 4222 oder

1335 4255 1469 4322 dux,
1507 4255 1680 4310 findet
1706 4257 1824 4311 sich
1864 4255 2007 4310 ofter
2034 4257 2176 4310 auch
2213 4273 2320 4310 von
2345 4256 2502 4311 nicht.

1334 4344 1641 4399 romischen
1680 4343 2075 4398 Heerfiihrern.
