2992 4825
506 220 589 279 20

538 707 570 759 5

505 1238 571 1288 10

504 1767 568 1817 15

1428 229 1595 284 Liber
1632 230 1674 287 1.
1731 229 1863 298 Cap.
1905 233 1983 284 13.

609 374 816 452 bente,
878 371 1036 437 dixit
1078 369 1244 437 forte
1287 370 1571 438 Tiberius
1634 389 1701 437 se
1746 376 1820 437 ut
1861 390 1989 439 non
2047 373 2169 439 toti
2212 373 2309 439 rei
2350 372 2669 456 publicae
2712 378 2928 457 parem,

607 478 702 545 ita
731 496 1163 561 quaecumque
1192 496 1339 560 pars
1370 478 1491 544 sibi
1523 479 1953 558 mandaretur,
2001 478 2137 545 eius
2168 478 2436 546 tutelam
2472 483 2921 560 suscepturum.

608 589 743 649 tum
790 583 1045 650 Asinius
1090 582 1311 649 Gallus
1364 585 1757 667 „interrogo“
1810 584 2033 667 inquit,
2103 583 2390 665 „Caesar,
2443 602 2657 667 quam
2701 589 2922 667 partem

609 691 703 755 rei
746 689 1033 771 publicae
1089 689 1375 755 mandari
1427 691 1548 755 tibi
1590 690 1808 757 velis“.
1902 691 2246 772 perculsus,
2289 691 2631 774 inprovisa
2675 690 2921 758 interro-

608 797 858 878 gatione
904 795 1160 878 paulum
1206 795 1499 861 reticuit:
1554 796 1701 861 dein
1746 796 2008 862 collecto
2057 798 2266 862 animo
2313 797 2665 880 respondit
2711 815 2921 880 nequa-

608 920 797 983 quam
858 903 1156 967 decorum
1217 901 1445 986 pudori
1497 920 1612 967 suo
1666 903 1877 985 legere
1934 902 2174 985 aliquid
2230 907 2345 969 aut
2400 904 2665 969 evitare
2729 922 2803 970 ex
2844 923 2918 985 eo,

607 1008 711 1072 cui
753 1008 817 1072 in
856 1009 1214 1073 universum
1244 1009 1533 1074 excusari
1561 1008 1798 1075 mallet.
1893 1027 2145 1074 rursum
2178 1008 2402 1076 Gallus
2451 1009 2734 1094 (etenim
2765 1009 2913 1079 vultu

607 1110 1015 1179 offensionem
1085 1115 1579 1198 coniectaverat)
1649 1132 1775 1179 non
1840 1115 2076 1181 idcirco
2143 1115 2622 1198 interrogatum
2691 1116 2799 1196 ait,
2861 1122 2915 1182 ut

608 1216 916 1284 divideret
961 1236 1122 1301 quae
1169 1219 1453 1301 separari
1482 1219 1834 1301 nequirent,
1882 1219 1995 1285 sed
2023 1225 2097 1285 ut
2127 1238 2243 1285 sua
2274 1219 2685 1286 confessione
2719 1238 2910 1304 argue·

607 1328 802 1401 retur,
850 1343 1045 1388 unum
1091 1341 1229 1388 esse
1274 1325 1365 1388 rei
1410 1324 1701 1405 publicae
1732 1341 1959 1406 corpus
1989 1329 2180 1406 atque
2225 1325 2409 1390 unius
2442 1326 2672 1391 animo
2720 1344 2909 1407 regen·

607 1427 775 1495 dum.
825 1427 1072 1493 addidit
1102 1428 1355 1495 laudem
1388 1429 1465 1494 de
1490 1429 1779 1511 Augusto
1808 1428 2251 1513 Tiberiumque
2279 1431 2490 1513 ipsum
2524 1431 2902 1497 victoriarum

608 1552 867 1600 suarum
913 1552 1197 1615 quaeque
1251 1534 1318 1599 in
1363 1539 1515 1616 toga
1559 1554 1674 1617 per
1718 1539 1816 1601 tot
1861 1553 2061 1601 annos
2109 1537 2361 1620 egregie
2407 1535 2680 1604 fecisset
2724 1536 2928 1629 admo-j

607 1639 763 1705 nuit.
833 1658 947 1704 nec
976 1639 1120 1704 ideo
1150 1640 1310 1706 iram
1342 1641 1477 1706 eius
1509 1640 1748 1723 lenivit,
1794 1641 2042 1723 pridem
2071 1642 2331 1724 invisuS,
2377 1647 2716 1725 tamquam
2747 1643 2892 1708 dueta
2927 1632 2928 1699 ἶ

606 1747 671 1811 in
735 1745 1202 1810 matrimonium
1258 1746 1563 1829 Vipsania
1622 1747 1707 1813 M.
1775 1747 2100 1830 Agrippae
2166 1746 2312 1830 filia,
2380 1766 2556 1830 quae
2619 1748 2928 1830 quondam}

607 1850 842 1916 Tiberii
899 1869 1056 1916 uxor
1117 1849 1343 1932 fuerat,
1413 1851 1558 1934 plus
1620 1870 1809 1934 quam
1880 1852 2087 1919 civilia
2154 1854 2433 1936 agitaret
2497 1853 2899 1935 Pollionisque

607 1956 805 2022 Asinii
848 1957 1050 2038 patris
1096 1955 1395 2023 ferociam
1442 1959 1766 2026 retineret.
2919 1950 2924 1965 '

787 2065 886 2127 13.
953 2062 1108 2127 Post
1164 2080 1326 2144 quae
1372 2063 1445 2128 L.
1497 2064 1834 2130 Arruntius
1897 2063 2067 2130 haud
2126 2064 2396 2130 multum
2460 2066 2818 2148 discrepans
2864 2082 2894 2128 a

606 2166 776 2232 Galli
819 2167 1105 2233 oratione
1149 2168 1408 2250 perinde
1455 2166 1732 2251 offendit,
1796 2187 2178 2253 quamquam
2223 2169 2476 2237 Tiberio
2523 2170 2707 2236 nulla
2748 2172 2887 2235 vetus

604 2274 667 2338 in
715 2275 1081 2338 Arruntium
1126 2274 1257 2364 ira:
1323 2275 1434 2340 sed
1481 2275 1756 2355 divitem,
1821 2279 2201 2358 promptum,
2247 2277 2494 2342 artibus
2545 2274 2809 2359 egregiis
2842 2279 2885 2338 et

604 2381 746 2462 pari
806 2377 977 2445 fama
1033 2379 1302 2462 publice,
1374 2382 1803 2465 suspectabat.
1917 2382 2151 2464 quippe
2212 2380 2546 2465 Augustus
2618 2378 2876 2463 supremis

569 2543 619 2592 2.
656 2537 830 2605 forte.-
868 2538 1256 2609 ,uniiberlegt‘3
1305 2539 1414 2608 vgl.
1449 2539 1546 2607 IV,
1583 2541 1653 2595 58

499 2625 650 2680 haud
684 2626 830 2691 forte
866 2626 1089 2683 dictum.

571 2717 622 2773 4.
678 2713 912 2767 Ammius
962 2712 1159 2768 Gallus
1214 2713 1365 2770 Sohn
1420 2715 1515 2770 des
1569 2714 1653 2771 als

498 2802 768 2857 Feldherr
792 2801 901 2857 und
927 2800 1302 2870 Staatsmann,
1329 2803 1653 2859 Geschicht-

499 2890 797 2958 schreiber,
849 2889 1074 2945 Redner
1118 2889 1230 2945 und
1276 2891 1509 2946 Dichter
1561 2892 1651 2946 be·

499 2980 757 3034 riihmten
808 2977 867 3037 G.
903 2978 1127 3033 Asinius
1177 2978 1351 3035 Pollio
1397 2979 1556 3048 (Hor.
1595 2980 1655 3038 C.

499 3068 573 3134 11,
615 3068 682 3133 1).

569 3160 617 3210 7.
657 3154 875 3223 pudori
925 3155 1031 3223 vgl.
1070 3154 1136 3209 Κ.
1179 3159 1261 3224 11,
1297 3160 1333 3210 2
1369 3155 1653 3215 modestia.

569 3247 619 3301 8.
675 3243 766 3297 cui
826 3243 916 3298 ein
977 3243 1287 3299 sachlicher
1341 3243 1504 3299 Dativ
1565 3245 1652 3300 bei

496 3346 754 3386 excusare
788 3331 1220 3400 ungewohnlich.

566 3422 617 3477 9.
653 3419 949 3474 coniectare
995 3436 1040 3478 c.
1077 3420 1206 3487 abl„
1262 3422 1360 3476 wie
1396 3420 1545 3491 XVI,
1583 3426 1652 3478 34

494 3507 793 3562 intentione
827 3508 1024 3564 vultu-3.
1096 3508 1361 3579 Dagegen
1395 3511 1545 3581 XIV,
1581 3513 1648 3565 51

494 3595 746 3650 valetudo
770 3613 838 3651 ex
860 3612 921 3651 eo
947 3598 1372 3666 coniectabatur,
1404 3598 1550 3668 quod
1568 3628 1649 3653 -.

571 3688 651 3738 10.
710 3700 970 3753 separare
1028 3686 1351 3742 bezeichnet
1399 3687 1495 3741 das
1545 3688 1649 3741 Er·

496 3772 686 3827 halten
721 3774 779 3827 in
818 3774 935 3828 dem
962 3773 1136 3829 durch
1160 3774 1403 3829 dividere
1438 3776 1649 3830 herbei-

496 3860 786 3929 geffihrten
822 3862 1114 3917 Zustande.

568 3952 649 4004 12.
691 3948 814 4003 laus
849 3951 989 4006 nach
1027 3952 1294 4020 Analogie
1330 3969 1436 4007 von
1471 3954 1651 4009 oratio

495 4038 593 4091 mit
628 4036 708 4092 de.

570 4128 651 4180 13.
679 4140 819 4193 quae
844 4166 858 4181 .
874 4168 886 4180 .
911 4126 1123 4194 fecisset
1138 4127 1254 4187 ind.
1264 4129 1448 4198 Frage
1473 4129 1650 4185 einem

496 4212 976 4281 voraufgehenden
1038 4215 1361 4271 Substantiv
1431 4217 1649 4274 koordi-

495 4302 667 4368 niert3
710 4302 815 4372 vgl.
855 4303 922 4361 Κ.
965 4306 1028 4358 15
1054 4305 1298 4371 pecunia
1332 4310 1517 4373 utque.

1834 2541 1918 2597 14.
1967 2537 2083 2593 Nec
2124 2538 2279 2593 ideo,-
2334 2539 2448 2594 und
2496 2538 2734 2596 deshalb
2782 2535 2883 2592 doch

1760 2626 1932 2683 nicht.
1979 2656 2048 2665 —
2096 2632 2375 2697 tamquam
2419 2630 2524 2685 wie
2576 2629 2715 2684 auch
2761 2623 2882 2695 quasi

1760 2714 1870 2770 und
1904 2715 2048 2770 velut
2083 2715 2267 2771 finden
2293 2717 2410 2773 sich
2448 2718 2542 2774 bei
2565 2718 2632 2775 T.
2661 2712 2881 2771 zuweilen

1760 2804 1819 2859 in
1841 2803 2098 2859 kausaler
2111 2805 2463 2875 Bedeutung:
2490 2805 2648 2861 weil
2681 2800 2875 2871 angel>

1760 2892 1926 2962 lich3
1963 2892 2068 2962 vgl.
2105 2896 2174 2948 44
2211 2898 2249 2948 t.
2286 2893 2607 2949 absolveret.

1833 2983 1916 3035 15.
1961 2980 2234 3049 Vipsania
2258 2997 2366 3036 von
2386 2981 2649 3037 Tiberius
2673 2980 2743 3034 im
2763 2977 2808 3034 J.
2830 2977 2873 3028 ll

1760 3084 1809 3123 v.
1830 3068 1955 3124 Chr.
1995 3085 2211 3138 ungern
2236 3069 2538 3138 entlassen‚
2577 3085 2670 3124 um
2693 3066 2773 3121 die
2800 3076 2877 3118 von

1760 3159 2041 3224 Augustus
2066 3159 2420 3225 gewunschte
2444 3158 2571 3215 Ehe
2593 3156 2694 3212 mit
2718 3154 2872 3210 dassen

1758 3245 1997 3300 Tochter
2029 3245 2174 3301 Iulia
2208 3246 2565 3315 einzugehen.

1832 3337 1914 3388 17.
1970 3332 2268 3399 ferociam.-
2312 3333 2734 3401 unhandiges
2767 3325 2872 3379 We·

1759 3437 1902 3488 sen,
1954 3421 2053 3477 wie
2099 3436 2158 3476 es
2206 3422 2329 3477 sich
2375 3422 2573 3490 zeigte,
2628 3419 2706 3475 als
2740 3431 2793 3471 er
2820 3413 2871 3465 im

1760 3509 1931 3564 Senat
1967 3525 2144 3579 gegen
2177 3509 2461 3579 Augustus
2496 3506 2737 3579 yraviter
2766 3497 2869 3555 invi·

1758 3598 2011 3666 dioseque
2046 3599 2259 3653 auftrat
2295 3596 2467 3665 (Suet.
2503 3600 2643 3666 Aug.
2679 3591 2774 3661 43).

1828 3775 1921 3847 13,
1963 3779 2011 3832 1.
2039 3779 2171 3843 post
2207 3775 2306 3830 mit
2337 3773 2459 3829 dem
2482 3772 2602 3829 Rel.
2639 3783 2765 3841 quae
2792 3762 2864 3819 wie

1762 3870 1829 3920 12
1864 3865 2025 3922 inter.

1830 3956 1879 4008 3.
1934 3951 2245 4006 Arruntius
2297 3951 2580 4007 zeichnete
2637 3945 2743 4004 sich
2784 3950 2860 3994 aus

1759 4040 1845 4097 als
1880 4040 2120 4099 Redner.
2786 4061 2792 4068 ¹

1829 4131 1880 4183 4.
1917 4128 2059 4197 pari
2088 4129 2246 4197 fama
2271 4128 2506 4197 publice,
2557 4128 2671 4183 sein
2700 4117 2799 4177 Rus
2818 4114 2857 4168 in

1762 4218 1858 4273 der
1913 4205 2321 4273 Offentlichkeit
2371 4215 2663 4287 entsprach
2712 4207 2858 4265 seinen

1759 4305 2239 4374 hervorragenden
2275 4306 2705 4374 Eigenschaften.
