2992 4825
490 238 613 300 124
1401 250 1568 305 Liber
1605 251 1672 305 11.
1734 250 1865 320 Cap.
1901 252 1989 310 47.

589 391 795 457 adhuc
825 391 1118 457 tolerent.
1209 397 1278 457 at
1315 411 1383 458 se
1422 393 1746 458 duodecim
1777 394 2129 474 legionibus
2160 394 2429 476 petitum
2462 393 2642 457 duce
2674 391 2896 458 Tiberio

587 497 916 562 inlibatam
976 496 1434 563 Germanorum
1496 498 1762 579 gloriam
1824 500 2191 581 servavisse,
2252 519 2393 565 mox
2437 518 2561 565 con
2571 499 2895 563 dicionibus

479 626 553 676 10
587 605 805 686 aequis
853 603 1234 683 discessum3
1294 623 1502 687 neque
1547 606 1871 686 paenitere
1914 606 2084 688 quod
2129 607 2411 688 ipsorum
2455 605 2527 669 in
2580 622 2779 667 manu
2821 606 2895 685 sit,

587 710 906 791 integrum
971 691 1304 776 adversum
1379 710 1699 776 Romanos
1766 710 2002 776 bellum
2069 730 2151 775 an
2219 729 2438 793 pacem
2516 711 2896 776 incruentam

588 814 834 880 malint.
925 814 1024 880 his
1057 816 1314 882 vocibus
1348 817 1687 882 instinctos
1720 817 2037 882 exercitus
2068 817 2364 899 propriae
2393 834 2664 898 quoque
2704 831 2896 902 causae

588 919 1021 999 stimulabant,
1054 938 1196 984 cum
1226 939 1266 985 a
1290 918 1623 986 Cheruscis
1654 921 2216 1002 Langobardisque
2248 939 2362 1003 pro
2393 922 2672 1000 antiquo
2707 905 2895 984 decore

588 1031 702 1091 aut
745 1027 987 1092 recenti
1029 1025 1326 1092 libertate
1372 1032 1438 1090 et
1470 1030 1692 1091 contra
1726 1028 2058 1109 augendae
2092 1026 2502 1092 dominationi
2540 1025 2895 1091 certareth

481 1153 551 1205 15
587 1149 712 1197 non
759 1131 918 1197 alias
964 1133 1201 1198 maiore
1231 1131 1396 1198 mole
1427 1150 1799 1197 concursum
1846 1150 2051 1214 neque
2098 1133 2394 1213 ambiguo
2426 1132 2646 1214 magis
2677 1123 2895 1210 eventu,

586 1236 742 1303 fusis
788 1239 1100 1319 utrimque
1148 1238 1385 1303 dextris
1432 1238 1763 1319 cornibus3
1835 1238 2338 1320 sperabaturque
2383 1255 2651 1302 rursum
2697 1255 2887 1317 pugna,

586 1344 654 1408 ni
684 1343 1113 1409 Maroboduus
1161 1348 1371 1409 castra
1415 1344 1481 1408 in
1516 1343 1709 1409 colles
1740 1344 2162 1410 subduxisset.
2232 1344 2297 1409 id
2343 1345 2604 1426 signum
2653 1342 2889 1423 perculsi

588 1449 738 1530 fuit3
805 1456 871 1515 et
914 1448 1282 1529 transfugiis
1327 1448 1633 1531 paulatim
1680 1451 1955 1515 nudatus
2000 1451 2067 1515 in
2113 1450 2566 1516 Marcomanos
2617 1450 2884 1513 concessit

587 1556 885 1636 misitque
928 1555 1169 1636 legatos
1214 1555 1297 1620 ad
1341 1555 1665 1621 Tiberium
1710 1561 2003 1622 oraturos
2049 1555 2302 1622 auxilia.
2395 1572 2775 1637 responsum
2815 1559 2897 1646 est,

472 1683 551 1734 20
588 1679 714 1727 non
758 1662 899 1726 iure
944 1679 1087 1726 eum
1134 1662 1442 1727 adversus
1485 1660 1839 1728 Cheruscos
1886 1680 2065 1727 arma
2110 1662 2397 1728 Romana
2442 1662 2762 1738 invocare,
2803 1651 2897 1739 quil

586 1768 928 1850 pugnantis
958 1769 1022 1831 in
1052 1767 1323 1832 eundem
1354 1768 1602 1833 hostem
1627 1769 1943 1834 Romanos
1977 1768 2152 1833 nulla
2183 1785 2304 1851 ope
2334 1767 2632 1833 iuvisset.
2697 1765 2897 1829 missus}

586 1879 800 1939 tamen
846 1873 1112 1952 DrusuS,
1159 1878 1234 1937 ut
1276 1872 1661 1955 rettulimus,
1708 1874 1853 1956 paci
1900 1872 2205 1941 firmator.

766 1984 866 2044 47.
916 1979 1155 2044 Eodem
1202 1998 1367 2044 anno
1414 1980 1746 2045 duodecim
1794 1980 2075 2045 celebres
2108 1975 2300 2044 Asiae
2343 1979 2539 2043 urbes
2591 1976 2897 2057 conlapsae¹

587 2090 898 2149 nocturno
954 2088 1134 2150 motu
1193 2090 1423 2165 terrae,
1484 2103 1611 2167 quo
1666 2086 2045 2167 inprovisior
2104 2086 2481 2166 graviorque
2535 2084 2733 2165 pestis
2770 2080 2862 2145 fuit.

586 2206 789 2271 neque
850 2189 1104 2255 solitum
1162 2189 1229 2253 in
1285 2190 1403 2254 tali
1471 2207 1626 2254 casu
1693 2188 1995 2271 effugium
2059 2189 2490 2270 subveniebat,
2568 2189 2637 2252 in
2695 2193 2852 2268 aperta

586 2293 1059 2377 prorumpendi,
1106 2294 1253 2375 quia
1286 2295 1560 2359 diductis
1605 2296 1794 2360 terris
1826 2295 2303 2362 hauriebantur.
2396 2294 2651 2359 sedisse
2680 2292 2846 2355 inmen-

510 2420 549 2472 5
589 2419 691 2467 sos
739 2405 1004 2480 monteS‚
1063 2401 1199 2466 visa
1243 2400 1308 2466 in
1355 2401 1554 2467 arduo
1613 2421 1776 2484 quae
1823 2402 2016 2485 plana
2059 2399 2314 2481 fuerint,
2381 2397 2701 2465 effulsisse
2746 2398 2851 2460 inter

587 2507 836 2571 ruinam
865 2506 1040 2587 ignes
1073 2512 1445 2574 memorant.
1537 2508 1889 2590 asperrima
1916 2509 1985 2573 in
2015 2508 2357 2573 Sardianos
2401 2506 2546 2571 lues
2578 2503 2856 2587 plurimum

555 2735 605 2786 8.
651 2731 884 2799 Tiberia,
923 2733 1119 2787 dessen
1159 2734 1379 2802 Angriff
1408 2736 1482 2789 im
1519 2735 1571 2790 J.
1609 2739 1642 2789 6
1824 2739 1907 2790 18.
1946 2734 2270 2803 transfuyia
2293 2734 2436 2788 auch
2465 2734 2599 2787 hist.
2627 2733 2696 2799 11,
2712 2732 2766 2785 34
2781 2725 2852 2781 und
2898 2730 2899 2737 ’

481 2837 538 2874 n.
577 2819 703 2874 Chr.
748 2820 950 2889 jedoch
1000 2822 1171 2877 durch
1225 2822 1534 2879 Aufstande
1588 2825 1646 2878 in
1751 2821 1851 2890 111,
1890 2826 1976 2878 61.
2036 2824 2250 2877 Ferner
2285 2821 2466 2876 finden
2503 2822 2629 2876 sich
2665 2819 2740 2873 bei
2764 2816 2842 2868 Tac.

485 2908 804 2963 Pannonien
840 2910 951 2963 und
990 2910 1301 2965 Dalmatien
1355 2911 1649 2980 abgelenkt
1753 2913 1825 2967 im
1865 2912 2050 2966 Plural
2102 2911 2189 2966 die
2228 2911 2530 2965 Abstracta
2584 2911 2681 2963 der
2725 2905 2841 2959 Βενθ-

479 2996 687 3054 warde.
1753 3016 1905 3068 gung
1925 2999 2093 3068 fugae
2121 2999 2285 3065 (auch
2305 2998 2438 3066 Cic.)
2475 2997 2631 3066 XIV,
2656 2998 2737 3057 64;
2764 2995 2847 3056 Agr·

560 3090 640 3138 11.
676 3083 949 3153 inteyrum
971 3085 1163 3140 bellum
1196 3086 1319 3141 hier
1346 3087 1436 3142 ein
1456 3088 1646 3157 Krieg,
1752 3090 1822 3142 45
1832 3108 1847 3152 ;
1883 3088 1937 3142 h.
1966 3088 2029 3155 V,
2053 3091 2149 3152 243
2189 3087 2392 3155 effuyia
2415 3087 2513 3150 111,
2536 3090 2635 3148 42;
2674 3082 2775 3146 XII,
2789 3082 2851 3138 313

483 3173 540 3226 in
587 3171 828 3227 welchen
880 3190 1006 3228 man
1061 3176 1160 3229 mit
1212 3177 1357 3231 noch
1407 3176 1646 3232 frischer
1753 3177 1873 3244 XV,
1893 3180 1986 3240 633
2026 3175 2173 3244 XVI,
2199 3181 2264 3229 15
2289 3175 2400 3229 und
2424 3174 2663 3244 diffuyia
2686 3172 2731 3225 h.
2748 3170 2781 3234 1,
2796 3168 2851 3220 39.
2898 3184 2899 3191 ¹

477 3260 653 3315 Kraft
677 3262 892 3315 eintritt
929 3263 1038 3316 und
1075 3263 1173 3318 der
1198 3265 1341 3319 noch
1374 3265 1480 3320 alle
1502 3269 1644 3319 Aus·
1821 3268 1907 3322 22.
1935 3263 2072 3332 paci
2090 3264 2341 3330 firmator
2364 3262 2470 3328 vgl.
2495 3263 2540 3327 Ι,
2566 3266 2633 3315 22
2656 3251 2854 3313 seditioni

479 3349 627 3405 sicht
673 3349 773 3405 auf
817 3349 1014 3419 Erfolg
1060 3352 1258 3422 bietet;
1315 3363 1490 3420 sonst‚
1541 3354 1645 3409 wie
1751 3352 1926 3407 duces.
1998 3352 2128 3406 Pax
2163 3353 2238 3406 ist
2273 3351 2376 3406 auf
2409 3351 2496 3406 die
2523 3343 2852 3406 Donsulander

485 3436 605 3505 XV,
662 3440 746 3504 18,
808 3438 894 3493 ein
949 3439 1092 3493 noch
1147 3441 1644 3496 unentschiedener
1753 3441 1848 3496 der
1886 3441 2088 3495 Romer
2122 3456 2191 3493 zu
2227 3439 2509 3506 beziehen,
2550 3439 2707 3492 deren
2739 3429 2853 3486 Ruhe

481 3525 672 3594 Krieg.
1751 3530 1924 3585 durch
1980 3529 2084 3583 den
2138 3528 2310 3595 Krieg
2368 3528 2441 3581 im
2502 3524 2850 3582 benachbarten

562 3617 641 3669 13.
682 3629 793 3681 pro
841 3615 1071 3683 wntiquo
1122 3615 1310 3670 decore
1363 3617 1497 3685 geht
1549 3616 1652 3672 auf
1753 3617 2078 3674 Germanien
2114 3615 2350 3671 bedroht
2386 3615 2587 3670 wurde.

479 3701 575 3756 die
603 3701 882 3769 Cherusci,
918 3702 1121 3756 recenti
1144 3702 1392 3758 libertate
1428 3703 1529 3758 auf
1560 3703 1648 3758 die

483 3790 855 3858 Langobardi,
892 3791 978 3845 bei
1008 3790 1251 3846 welchen
1287 3792 1541 3860 zugleich
1580 3807 1649 3845 an
1869 3775 2007 3847 3⁸1²·
2044 3773 2129 3831 4⁷·
2182 3771 2474 3831 mmm
2508 3772 2569 3830 1¹²
2601 3769 2759 3828 ΜΨ·

478 3879 575 3934 die
614 3878 912 3933 Semnones
951 3895 1020 3931 zu
1058 3878 1271 3934 denken
1308 3881 1396 3934 ist.
1823 3884 1874 3936 4.
1909 3879 2125 3946 sedisse,
2178 3881 2279 3934 wie
2331 3879 2473 3934 auch
2509 3879 2595 3932 de·
2638 3873 2737 3929 und
2764 3866 2852 3922 εἰῶ·

560 3970 641 4021 14.
678 3966 963 4037 anyendae
981 3965 1345 4021 dominationi
1363 3968 1461 4023 der
1480 3968 1646 4024 finale
1751 3969 1930 4023 sidere
1942 3984 2046 4023 von
2058 3968 2568 4036 Bodensenkungen
2586 3957 2845 4035 gebraucht.

485 4054 654 4110 Dativ
689 4071 787 4108 zur
824 4054 1256 4123 Abwechselung
1291 4057 1390 4110 mit
1416 4072 1541 4124 pro.
1824 4060 1872 4111 5.
1907 4057 1973 4109 in
2007 4056 2188 4111 arduo
2206 4077 2224 4110 .-
2261 4060 2336 4126 ,in
2374 4057 2565 4111 steiler
2600 4050 2755 4119 Lage‘·

560 4145 644 4197 15.
679 4143 842 4197 moles
859 4162 876 4195 .·
923 4142 1400 4212 ,Kraftaufwand‘3
1454 4144 1564 4212 vgl.
1603 4146 1646 4212 Ι,
1825 4147 1876 4203 6.
1913 4146 2218 4213 asperrima
2240 4145 2303 4198 in
2324 4143 2628 4199 Sardianos
2646 4139 2740 4192 lues
2767 4128 2841 4196 *8¹-

479 4231 585 4293 45;
641 4230 767 4285 hist.
818 4230 918 4296 111,
966 4234 1034 4285 77
1090 4229 1242 4284 haud
1284 4248 1471 4300 parva
1513 4232 1650 4287 mole
1751 4232 1848 4302 IV,
1886 4237 1919 4286 2
1967 4233 2032 4286 in
2066 4239 2267 4288 ceteros
2300 4238 2504 4300 metus5
2563 4232 2676 4286 hist.
2708 4225 2765 4289 Π,
2792 4219 2841 4272 93

481 4323 768 4372 certatum.
1755 4320 1977 4375 crebrae
2010 4321 2074 4374 in
2106 4322 2304 4390 vulqus
2338 4326 2551 4380 mortes.
