2992 4825
528 216 652 277 112
1436 230 1604 285 Liber
1639 231 1709 286 IL
1770 231 1901 300 Cap.
1937 232 2025 286 35.

624 391 695 438 se
738 378 806 438 et
848 371 1074 439 cedere
1102 374 1278 455 urbe,
1325 374 1639 440 victurum
1683 374 1749 438 in
1778 372 1991 455 aliquo
2038 371 2279 439 abdito-
2303 377 2369 437 et
2410 371 2767 454 longinquo
2793 389 2878 437 rur

624 478 1017 557 testabatur3
1063 478 1252 545 simul
1298 481 1540 546 curiam
1585 479 2003 562 relinquebat.
2096 486 2447 544 commotus
2499 483 2609 543 est
2646 476 2878 543 Tiberim

554 605 588 658 5
626 592 694 651 et
735 603 1118 668 quamquam
1162 586 1418 652 mitibus
1467 586 1676 652 verbis
1707 586 2001 653 Pisonem
2045 584 2509 667 permulsisset,
2560 583 2880 666 propinqui

625 710 872 774 quoque
915 691 1052 757 eius
1095 691 1350 773 impulit
1393 697 1467 757 ut
1494 691 1834 758 abeuntem
1867 692 2251 758 auctoritate
2293 690 2396 756 vel
2423 689 2738 772 precibus
2775 691 2880 760 tend

625 802 788 865 rent.
879 797 1048 863 haud
1101 798 1308 864 minus
1363 797 1548 864 liberi
1603 798 1836 864 doloris
1889 798 2332 864 documentum
2391 796 2575 862 idem
2622 794 2766 860 Piso
2804 779 2880 861 md

627 903 806 970 dedit
848 909 1074 970 vocata
1117 905 1181 970 in
1227 905 1327 971 ius
1370 903 1741 986 Urgulania,
1800 922 1987 987 quam
2031 921 2230 986 supra
2271 902 2446 986 leges
2497 900 2784 967 amicitia
2822 899 2880 967 At

627 1014 851 1092 gustae
898 1010 1233 1078 extulerat.
1327 1028 1444 1077 nec
1488 1015 1602 1077 aut
1645 1009 2001 1094 Urgulania
2045 1008 2538 1090 obtemperavit,
2588 1007 2658 1072 in
2703 1004 2880 1072 dommi

526 1137 592 1188 ιο
628 1115 921 1182 Caesaris
974 1121 1192 1198 spreto
1246 1117 1473 1184 Pisone
1534 1122 1734 1198 vecta,
1801 1121 1915 1182 aut
1983 1114 2091 1181 ille
2155 1115 2485 1194 abscessit,
2561 1130 2880 1195 quamquam

630 1224 916 1306 Augusta
961 1240 1033 1288 se
1073 1223 1298 1289 violari
1363 1228 1428 1289 et
1470 1222 1759 1289 imminui
1806 1226 2198 1305 quereretur.
2294 1220 2600 1287 Tiberius
2647 1217 2880 1286 hactenu

627 1328 958 1410 indulgere
1004 1329 1194 1394 matri
1236 1329 1420 1395 civile
1463 1333 1664 1410 ratus,
1730 1333 1804 1394 ut
1849 1345 1921 1395 se
1962 1328 2204 1393 iturum
2250 1327 2334 1392 ad
2379 1324 2714 1409 praetoris
2754 1325 2880 1390 trib·

627 1434 752 1515 nal,
811 1433 1181 1501 adfuturum
1242 1434 1635 1518 Urgulaniae
1696 1435 1954 1516 diceret,
2022 1434 2333 1517 processit
2388 1430 2673 1512 Palatio,
2737 1431 2880 1513 proci

628 1541 807 1622 sequi
863 1541 1049 1607 iussis
1097 1541 1422 1607 militibus.
1514 1540 1932 1626 spectabatur
1985 1544 2359 1607 occursante
2402 1538 2651 1622 populo
2708 1501 2882 1618 compti

528 1666 591 1717 15
628 1646 788 1712 situs
833 1664 943 1712 ore
989 1652 1056 1712 et
1101 1647 1495 1714 sermonibus
1526 1647 1719 1713 variis
1752 1654 2003 1729 tempus
2047 1651 2242 1728 atque
2284 1646 2412 1712 iter
2441 1645 2710 1724 ducens,
2753 1617 2882 1710 donni

627 1752 995 1836 propinquis
1039 1753 1332 1822 Pisonem
1376 1754 1617 1821 frustra
1661 1753 2100 1821 coercentibus
2146 1751 2381 1819 deferri
2417 1751 2723 1834 Augusta
2756 1759 2882 1831 pecm

627 1859 816 1939 niam,
871 1877 1035 1941 quae
1076 1861 1464 1943 petebatur,·
1502 1860 1770 1926 iuberet.
1858 1860 2040 1942 isque
2084 1856 2228 1924 finis
2268 1858 2388 1938 rei,
2450 1876 2537 1923 ex
2580 1874 2708 1939 qna
2744 1865 2882 1934 neque

626 1964 774 2031 Piso
820 1966 1127 2050 inglorius
1174 1972 1240 2032 et
1269 1966 1509 2034 Caesar
1540 1967 1779 2033 maiore
1823 1964 1992 2031 fama
2029 1964 2166 2032 fuit.
2239 1969 2532 2031 ceterum
2564 1959 2882 2043 Urgulaniae

627 2072 917 2153 potentia
960 2073 1121 2139 adeo
1175 2073 1370 2139 nimia
1419 2072 1666 2139 civitati
1712 2076 1871 2153 erat,
1941 2077 2014 2137 ut
2058 2070 2245 2136 testis
2298 2070 2366 2135 in
2413 2087 2618 2135 causa
2660 2066 2876 2150 quadam,

524 2197 593 2249 20
630 2195 795 2259 quae
851 2179 1021 2261 apud
1066 2185 1360 2245 senatum
1414 2180 1838 2259 tractabatur,
1903 2178 2121 2244 venire
2168 2176 2662 2258 dedignaretur:
2721 2172 2868 2237 missus

631 2289 732 2350 est
791 2288 1045 2367 praetor
1100 2286 1210 2368 qui
1267 2285 1436 2352 domi
1490 2286 1935 2366 interrogaret,
2003 2301 2147 2350 cum
2204 2282 2484 2365 virgines
2534 2276 2795 2347 Vestales
2825 2274 2860 2337 in

630 2388 766 2457 foro
829 2396 894 2457 et
951 2391 1181 2459 iudicio
1244 2392 1470 2474 audiri,
1541 2390 1834 2475 quotiens
1893 2388 2329 2457 testimonium
2392 2386 2698 2466 dicerent,
2756 2385 2863 2447 vetus

630 2515 766 2563 mos
810 2497 1022 2567 fuerit.
2882 2514 2883 2561 3

807 2607 913 2671 35.
960 2605 1089 2670 Res
1135 2623 1211 2671 eo
1243 2624 1408 2671 anno
1455 2605 1741 2687 prolatas
1771 2603 1944 2668 haud
1989 2600 2310 2682 referrem,
2359 2600 2426 2665 ni
2467 2597 2735 2682 pretium
2766 2590 2867 2656 foret

631 2708 746 2776 Cn.
777 2708 1023 2777 Pisonis
1069 2714 1134 2776 et
1165 2712 1364 2778 Asinii
1395 2711 1563 2778 Galli
1608 2728 1800 2794 super
1844 2728 1917 2776 eo
1965 2708 2223 2791 negotio
2266 2707 2560 2773 diversas
2607 2696 2867 2769 sententias

631 2833 911 2884 noscere.
1003 2817 1172 2899 Pis0,
1219 2837 1605 2901 quamquam
1648 2817 1972 2884 afuturum
2028 2834 2097 2882 se
2143 2815 2390 2881 dixerat
2436 2812 2694 2891 Caesar,
2740 2805 2791 2872 ob
2817 2800 2857 2865 id

598 3009 648 3062 7.
685 3007 846 3062 liber.-
884 3008 981 3064 der
1006 3010 1124 3065 sich
1149 3010 1428 3080 freimntig
1452 3012 1687 3069 sussen.
1790 3008 1928 3081 zap.
1952 3006 2039 3067 35.
2086 3006 2420 3080 vertagug
2442 3000 2762 3063 &flamma
2777 2992 2861 3051 ve<

597 3099 649 3154 8.
692 3095 998 3165 Uryuzania
1017 3098 1161 3153 noch
1173 3099 1419 3154 erwahnt
1435 3100 1532 3169 IV,
1549 3099 1686 3170 2112,
2184 3092 2567 3166 handlungen.

528 3190 682 3240 sonst
715 3184 870 3241 nicht
907 3185 1169 3242 bekannt.
1866 3189 1913 3241 1.
1950 3200 2037 3239 res
2064 3183 2325 3254 proferre
2359 3183 2433 3238 ist
2470 3182 2558 3238 die
2594 3174 2780 3235 fibliche
2805 3169 2864 3221 Be·

601 3277 683 3332 10.
720 3273 979 3330 abscessit
1015 3299 1085 3321 ==
1120 3275 1353 3332 abstitit.
1791 3274 2099 3342 zeichnung
2152 3272 2244 3327 fiir
2300 3272 2388 3327 die
2435 3272 2767 3331 Aussetzuug
2805 3269 2868 3309 1οὓ

601 3366 684 3417 12.
722 3362 882 3416 civile
917 3364 963 3433 Ι,
998 3366 1087 3422 54.
1793 3362 2265 3430 Verhandlungen
2311 3362 2387 3415 im
2423 3360 2621 3417 Senate
2662 3352 2774 3410 oder
2805 3356 2867 3398 vor

600 3453 684 3505 13.
738 3449 1026 3518 procedere
1097 3453 1198 3506 mit
1269 3452 1499 3508 blossem
1561 3453 1686 3508 Abl.
1793 3452 2021 3508 Gericht
2091 3465 2277 3519 wegen
2347 3449 2569 3516 Ferien,
2638 3430 2870 3505 Festspiele

528 3538 877 3594 dichterisch.
1792 3559 1845 3597 n.
1882 3540 1992 3610 dgl.
2051 3540 2186 3595 Hier
2219 3539 2354 3594 aber
2387 3553 2569 3593 waren
2604 3531 2752 3589 echon
2782 3523 2865 3576 Ter·

601 3631 681 3684 14.
719 3629 985 3684 militibus
1016 3629 1124 3699 vgl.
1162 3630 1207 3698 1,
1244 3633 1277 3684 7
1321 3630 1472 3685 miles
1505 3631 1568 3684 in
1602 3630 1688 3698 fo·
1792 3630 1940 3684 mine
1994 3634 2299 3696 angesetzt,
2359 3625 2472 3681 und
2530 3639 2634 3679 nur
2685 3617 2758 3671 die
2799 3607 2868 3663 Ab

525 3734 664 3785 rum,
701 3718 854 3772 mdes
886 3716 1190 3774 incuriam
1215 3719 1590 3774 comitabatur.
1619 3748 1680 3759 —
1792 3717 2092 3774 wesenheit
2139 3716 2234 3772 des
2268 3715 2498 3771 Kaisers
2545 3711 2647 3782 gab
2678 3705 2751 3760 die
2782 3698 2866 3750 Ver·

525 3807 856 3876 compositus
892 3823 1014 3862 ore:
1050 3808 1108 3862 in
1145 3808 1375 3877 rubiger
1397 3809 1684 3877 Fassung3
1792 3807 2095 3875 anlassung
2149 3822 2272 3861 zum
2331 3796 2787 3860 Hinausschieben·
2826 3810 2865 3883 ᾖ

528 3895 636 3964 vgl.
671 3896 716 3963 Ι,
755 3899 787 3950 7
823 3896 979 3951 vultu
1015 3896 1322 3966 composito.
1782 3895 2027 3965 pretium
2096 3895 2241 3962 foret
2324 3892 2468 3949 ohne
2533 3899 2731 3961 operm,
2802 3885 2865 3929 ΠΒ

601 3987 683 4039 15.
732 3989 942 4054 tempus
988 3990 1151 4053 atque
1203 3986 1310 4039 iter
1362 4008 1424 4030 =
1464 3992 1684 4055 tempus
1792 3985 1835 4054 I,
1872 3985 1959 4039 57.

527 4073 764 4129 itineris.
836 4104 906 4113 —
976 4073 1180 4129 ducens
1237 4098 1306 4118 =
1359 4075 1685 4143 producenti,
1865 4076 1914 4128 3.
1953 4071 2191 4139 dixerat,
2228 4070 2325 4126 der
2345 4069 2627 4134 Indikativ,
2648 4075 2724 4117 um
2745 4060 2863 4110 &tw

525 4163 762 4217 trahens.
1794 4161 1912 4216 rein
1936 4156 2394 4215 Thatsachliches
2431 4174 2531 4213 aus
2566 4155 2674 4210 dem
2696 4132 2856 4200 Bereich

600 4252 686 4309 20.
737 4249 1032 4319 dediynari
1081 4267 1123 4305 c.
1172 4250 1289 4320 inf.,
1345 4250 1445 4306 wie
1491 4250 1562 4305 Κ.
1598 4252 1687 4320 45,
1793 4249 1889 4304 des
1940 4248 2288 4317 abhangigen
2340 4247 2652 4303 Gedankens
2696 4236 2857 4290 hernus-

531 4337 883 4394 dichterisch.
1792 4336 2058 4395 zuheben.
2128 4337 2291 4392 Denn
2325 4336 2392 4391 ob
2426 4335 2489 4390 id
2521 4331 2620 4391 soll
2648 4321 2770 4383 nicht
2794 4305 2856 4367 auf
