2992 4825
992 245 1163 300 Liber
1199 246 1270 299 11.
1330 245 1464 314 Cap.
1499 248 1587 303 34.

2370 233 2487 293 111

79 389 228 450 ntra
280 383 556 450 Gallus
594 385 845 452 Asinius
892 387 1221 454 disseruit:
1267 391 1463 454 auctu
1505 387 1753 470 imperii
1796 387 2147 455 adolevisse
2192 386 2388 453 etiam

79 491 300 557 ivatas
352 509 568 573 opeS‚
630 491 822 573 idque
865 512 991 559 non
1035 511 1285 576 novum,
1352 492 1466 559 sed
1512 513 1549 560 e
1591 494 2035 562 vetustissimis
2078 494 2390 560 moribus:

79 615 199 662 am
235 598 438 680 apud
475 597 842 679 Fabricios,
873 599 1064 665 aliam
1097 599 1267 682 apud
1298 598 1626 683 Scipiones
1655 600 2019 683 pecuniam
2064 605 2132 666 et
2159 605 2390 665 cuncta

79 759 85 766 .
134 721 287 769 rem
353 702 718 785 publicam
775 703 1018 785 referri,
1084 722 1212 786 qua
1268 705 1447 771 tenui
1507 710 1813 789 angustas
1874 706 2104 772 civium
2150 705 2388 786 domos,
2430 727 2496 777 10

79 813 367 890 stquam
436 826 531 875 eo
600 808 1108 893 magnificentiae
1152 812 1441 892 venerit,-
1475 810 1748 894 gliscere
1789 811 2093 895 singulos.
2183 829 2390 893 neque

132 913 402 982 familia
484 919 571 981 et
636 921 904 997 argento
985 935 1275 1000 quaeque
1345 918 1427 984 ad
1491 936 1679 983 usum
1755 922 2064 999 parentur
2130 918 2389 982 nimium

79 1020 255 1104 iquid
318 1027 453 1088 aut
525 1021 849 1090 modicum
911 1023 1034 1088 nisi
1094 1043 1172 1090 ex
1236 1023 1492 1091 fortuna
1561 1024 1963 1107 possidentis.
2057 1023 2388 1090 distinctos

80 1132 276 1193 natus
348 1132 430 1195 et
508 1127 805 1211 equitum
860 1147 1106 1210 censu5‚
1170 1148 1300 1195 non
1358 1130 1508 1212 quia
1553 1130 1785 1197 diversi
1838 1134 2082 1210 natura,
2151 1129 2264 1194 sed
2317 1133 2392 1194 ut

79 1234 165 1299 cis
210 1233 595 1301 ordinibus
626 1235 1095 1318 dignationibus
1138 1236 1469 1317 antistent‚
1517 1237 1609 1302 ita
1652 1236 1731 1301 iis
1776 1253 1938 1317 quae
1981 1235 2064 1301 ad
2110 1235 2387 1316 requiem
2430 1255 2494 1305 15

79 1340 210 1405 nimi
258 1344 388 1406 aut
438 1339 903 1407 salubritatem
935 1358 1266 1424 corporum
1298 1345 1623 1422 parentur,
1671 1341 1794 1408 nisi
1837 1340 2000 1407 forte
2037 1339 2387 1406 clarissimo

79 1444 251 1526 rique
307 1446 561 1529 plures
622 1464 827 1528 curas,
898 1447 1143 1514 maiora
1196 1447 1480 1531 pericula
1542 1447 1890 1528 subeunda,
1952 1445 2387 1513 delenimentis

79 1569 327 1617 irarum
403 1557 489 1629 et,
553 1552 981 1635 periculorum
1049 1553 1389 1620 carendum
1458 1571 1617 1621 esse.

1734 1552 1979 1619 facilem
2049 1552 2387 1618 adsensum

79 1655 217 1724 &tillo
261 1658 393 1725 sub
445 1658 825 1725 nominibus
885 1660 1169 1727 honestis
1216 1657 1528 1726 confessio
1584 1659 1882 1726 vitiorum
1928 1663 1995 1724 et
2039 1656 2385 1725 similitudo

80 1762 438 1829 adientium
479 1765 685 1831 dedit.
777 1766 1102 1833 adiecerat
1130 1772 1196 1833 et
1225 1764 1518 1831 Tiberius
1548 1784 1675 1831 non
1702 1765 1771 1830 id
1798 1770 2049 1848 tempus
2078 1781 2384 1831 censurae
2421 1785 2493 1835 20

79 1886 173 1950 nec,
216 1870 272 1936 si
319 1871 490 1953 quid
536 1872 608 1937 in
637 1872 916 1938 moribus
945 1872 1211 1953 labaret,
1262 1870 1626 1938 defuturum
1655 1872 2012 1955 corrigendi
2041 1874 2386 1937 auctorem.

212 1980 317 2041 34.
415 1977 613 2043 Inter
671 1995 837 2059 quae
881 1977 951 2045 L.
1003 1978 1150 2044 Piso
1206 1976 1516 2043 ambitum
1575 1976 1714 2059 fori,
1783 1981 2078 2059 corrupta
2131 1977 2384 2058 iudicia,

79 2081 372 2148 saevitiam
435 2088 775 2149 oratorum
833 2083 1269 2151 accusationes
1324 2084 1752 2150 minitantium
1797 2083 2153 2166 increpans,
2210 2083 2386 2151 abire

128 2257 173 2309 7.
206 2263 402 2313 contra
439 2260 651 2330 gehort
674 2275 744 2314 zu
767 2257 1051 2323 disseruit,
1073 2257 1223 2313 dient

79 2339 172 2394 ileo
197 2345 342 2401 nicht
378 2365 488 2404 zur
518 2345 1088 2417 Gegenflberstellung
1124 2346 1219 2402 des

81 2445 267 2497 ganzen
296 2436 516 2494 Satzes.
575 2466 645 2478 —
698 2441 870 2492 auctu
916 2437 962 2503 Ι,
997 2438 1091 2500 56;
1147 2436 1222 2491 im

81 2518 256 2577 ibertr.
293 2523 464 2582 Sinne
504 2526 654 2582 auch
690 2525 822 2584 hist.
858 2525 954 2595 IV,
979 2527 1049 2581 63
1086 2540 1220 2594 opu-

81 2604 222 2662 lentia
252 2619 552 2683 ciuemque.

138 2697 211 2747 10.
244 2698 317 2752 ad
341 2741 354 2755 .
376 2741 390 2755 .
415 2701 662 2769 referri.-
689 2700 880 2769 ,richte
899 2701 1017 2757 sich
1040 2700 1220 2758 nach‘.

141 2802 214 2857 13.
265 2804 486 2874 aliquid
561 2808 637 2862 im
708 2809 997 2875 negativen
1061 2808 1219 2864 Satze

83 2884 205 2949 Kiebt
237 2908 319 2960 zu,
370 2894 498 2950 dass
550 2895 672 2951 sich
718 2896 808 2950 ein
843 2896 1040 2952 Zuviel
1077 2897 1219 2952 wohl

84 2970 243 3047 findet,
276 2981 508 3052 leugnet
545 2983 682 3040 aber
719 2983 917 3040 dessen
955 2985 1218 3041 Vorkom·

86 3074 184 3117 men
219 3067 269 3121 in
308 3070 431 3127 dem
469 3071 838 3143 angefnhrten
878 3072 1057 3127 Falle.

140 3155 213 3208 14.
257 3156 466 3215 diversi
513 3179 550 3217 a
594 3159 827 3229 reliquis
875 3160 1099 3216 civibus.
1153 3190 1214 3201 —

85 3239 161 3291 sed
181 3247 238 3296 ut
260 3287 273 3300 .
289 3286 302 3301 .
328 3251 617 3318 antistent,
632 3249 720 3304 ita
736 3249 808 3303 iis
835 3264 911 3306 sc.
932 3249 1221 3305 antistare.

85 3323 215 3385 Nach
247 3350 355 3389 non
392 3340 528 3408 quia
577 3338 690 3393 und
737 3353 851 3393 nou
887 3336 1034 3406 quod
1080 3337 1221 3406 folgt

86 3411 160 3468 bei
179 3418 240 3474 T.
265 3424 344 3477 oft
367 3427 451 3481 ein
473 3429 576 3482 mit
599 3425 696 3482 sed
718 3426 1042 3494 angefiigtes
1063 3424 1220 3482 Satz-

88 3500 209 3565 glied
230 3508 284 3564 in
308 3515 720 3585 unabhangiger
742 3515 929 3570 Form.
978 3515 1219 3585 Andere,

92 3591 269 3650 welche
279 3605 338 3653 ut
346 3601 478 3657 final
492 3604 697 3674 famen,
708 3608 1007 3674 erganzen:
1027 3603 1126 3659 sed
1139 3611 1220 3675 ut,

92 3676 212 3734 sicut
228 3684 358 3743 locis
379 3731 419 3746 ..
443 3693 736 3764 antistent,
759 3693 836 3748 ita
849 3692 918 3747 iis
936 3691 1219 3749 antistent.

154 3788 230 3840 15.
270 3790 398 3849 loeis
446 3798 520 3852 im
557 3797 815 3867 Theater,
870 3812 952 3852 wo
998 3796 1080 3852 sie
1130 3797 1220 3854 die

96 3880 256 3930 ersten
279 3884 341 3935 14
361 3881 666 3941 Sitzreihen
691 3886 904 3941 hatten.
932 3914 1002 3925 —
1022 3884 1218 3954 ‹leyna-

98 3955 244 4016 ῐῑῡπιε
300 3970 418 4035 (nur
476 3973 600 4029 hier
661 3974 732 4027 im
787 3973 966 4043 Plur.)
1039 3974 1220 4042 Raug-

103 4045 325 4122 stellung.

161 4138 232 4193 16.
272 4143 379 4199 nisi
411 4147 554 4214 forte
603 4149 704 4204 mit
737 4148 1051 4216 folgendem
1086 4149 1217 4203 Acc.

107 4231 142 4270 ⁰·
173 4221 258 4281 inf.
305 4230 357 4285 in
388 4235 626 4304 gleicher
661 4235 1072 4293 Konstruktion
1119 4236 1220 4289 mit

106 4301 208 4363 dem
223 4312 540 4389 Hauptsatze
565 4325 664 4382 der
687 4325 847 4379 indir.
868 4322 1021 4378 Rede
1047 4322 1218 4378 findet

1329 2256 1450 2312 sich
1502 2264 1660 2313 sonst
1704 2257 1884 2327 nicht3
1938 2273 2000 2313 es
2050 2259 2125 2313 ist
2178 2258 2300 2314 dem
2339 2258 2490 2314 Grie-

1328 2344 1592 2401 chischen
1611 2345 1998 2415 nachgebildet
2010 2346 2239 2415 (Herod.
2257 2347 2361 2415 111,
2383 2349 2486 2402 105

1327 2431 1386 2490 εἰ
1440 2429 1514 2503 μδ
1577 2431 2024 2507 προλαμβάνειν
2080 2431 2219 2500 τοὺς
2278 2430 2489 2500 Ἰνδοὺς

1324 2526 1427 2593 τῆς
1489 2514 1634 2580 ὁδοῦ
1688 2565 1703 2579 .
1724 2565 1794 2593 ..,
1868 2518 2078 2581 οὐδένα
2139 2516 2214 2580 ἄν
2284 2541 2490 2593 σφεων

1326 2606 1792 2680 ἀποσώζεσθαι).
1813 2641 1883 2652 -
1916 2613 2221 2668 clarissimo
2257 2614 2332 2668 ist
2367 2612 2489 2669 hier

1328 2700 1428 2756 der
1464 2699 1638 2756 sehon
1675 2700 1853 2756 durch
1889 2701 2039 2757 seine
2061 2701 2340 2757 Herkunft
2373 2704 2487 2757 An·

1324 2789 1620 2859 gesehene.

1402 2880 1480 2933 19.
1517 2878 1618 2933 sub
1636 2877 1950 2932 nominibus
1969 2879 2209 2934 honestis
2220 2878 2489 2946 confessio

1322 2965 1616 3021 vitiorum.-
1671 2965 1771 3021 der
1825 2964 2116 3037 Umstand,
2176 2967 2297 3024 dass
2359 2984 2487 3024 man

1325 3062 1488 3109 unter
1527 3053 1816 3121 Berufung
1863 3054 1961 3110 auf
2011 3055 2339 3112 ehrenhafte
2375 3059 2488 3111 An-

1324 3142 1491 3211 lasse,
1540 3143 1641 3198 wie
1678 3142 1849 3205 Stand
1892 3143 2005 3198 und
2044 3144 2354 3213 Vermogen
2403 3146 2487 3200 sie

1327 3230 1510 3296 boten,
1565 3231 1718 3287 scine
1752 3232 1957 3287 Fehler
1993 3232 2255 3302 (luxuria)
2305 3233 2487 3288 einzu-

1327 3319 1589 3389 gestehen
1624 3320 1755 3375 kein
1794 3319 2087 3376 Bedenken
2125 3326 2268 3389 trug.

1397 3411 1487 3466 21.
1524 3412 1820 3475 auctorem,
1874 3408 2113 3464 namlich
2149 3409 2248 3464 der
2283 3408 2486 3465 Kaisar

1326 3495 1504 3553 selbst
1539 3495 1625 3552 als
1662 3494 1883 3552 Censor.

1325 3619 1464 3692 zap.
1498 3617 1585 3677 34.
1630 3618 1889 3678 mut
1922 3617 2101 3678 10³1..
2125 3618 2267 3679 Piso.
2312 3607 2484 3681 'Uber-

1559 3704 1750 3764 maoht
1783 3704 1886 3765 der
1921 3705 2246 3780 Urgulania.

1398 3799 1445 3849 1.
1481 3794 1625 3849 inter
1659 3810 1799 3863 quae
1844 3796 1911 3864 (Ι,
1952 3796 2043 3864 12)
2093 3796 2182 3851 bei
2219 3796 2483 3867 Gelegen·

1325 3883 1442 3939 heit
1478 3883 1581 3938 der
1617 3884 1938 3939 erwahnten
1969 3884 2375 3956 Verhandlung.
2413 3916 2482 3927 —

1325 3971 1588 4027 ambitum
1620 3971 1765 4038 fori.-
1813 3971 1911 4026 das
1948 3971 2347 4029 Erschleichen
2385 3974 2483 4030 der

1325 4060 1716 4115 richterlichen
1755 4060 1953 4129 Gunst‚
1989 4059 2091 4115 wie
2126 4062 2168 4129 1,
2206 4064 2255 4114 2.
2295 4063 2381 4118 75.

1392 4151 1443 4203 2.
1479 4148 1637 4201 abire
1660 4187 1673 4200 .
1692 4189 1706 4202 .
1740 4148 1942 4216 cedere,
1979 4148 2076 4204 das
2100 4148 2338 4206 Prasens
2373 4168 2482 4207 von

1324 4235 1422 4290 der
1458 4235 1808 4290 unmittelbar
1853 4237 2322 4294 bevorstehenden
2370 4239 2481 4295 und

1323 4323 1487 4380 rasch
1522 4323 2020 4392 abgeschlossenen
2054 4327 2365 4398 Handlung.
