2992 4825
476 236 559 296 84

1346 249 1512 305 Liber
1544 250 1588 304 1.
1643 250 1776 319 cap.
1813 253 1896 309 79.
1937 255 2023 310 80.

578 390 769 455 tionis
801 388 965 455 male
997 390 1303 471 consulta,
1353 392 1580 473 quibus
1628 392 1900 458 sedecim
1931 394 2388 475 stipendiorum
2422 395 2615 462 finem
2655 413 2882 478 expres-

579 501 816 574 serant,
863 495 1105 561 abolita
1148 495 1214 561 in
1259 503 1606 577 posterum.

757 606 859 667 79.
926 601 1156 667 Actum
1204 602 1432 667 deinde
1477 604 1544 667 in
1590 609 1818 670 senatu
1863 605 1943 669 ab
1977 605 2280 670 Arruntio
2328 611 2392 671 et
2440 607 2650 687 Ateio,
2700 626 2781 672 an
2821 609 2885 675 ob

579 707 1001 773 moderandas
1044 706 1290 772 Tiberis
1336 709 1789 775 exundationes
1836 717 2242 776 verterentur
2286 709 2547 778 flumina
2595 719 2667 777 et
2712 712 2882 794 lacus,

578 831 695 896 per
761 830 918 894 quos
985 813 1304 895 augescit3
1386 814 1766 896 auditaeque
1831 817 2310 898 municipiorum
2380 822 2445 883 et
2513 817 2888 883 coloniarum

578 917 947 1000 legationes,
994 919 1322 984 orantibus
1357 919 1764 1000 Florentinis»,
1812 919 2146 986 ne*Clanis
2178 922 2365 988 solito
2396 923 2576 987 alveo
2614 923 2901 1010 demotus}

509 1049 541 1101 5
578 1025 641 1088 in
688 1042 937 1088 amnem
981 1024 1223 1088 Arnum
1270 1024 1727 1090 transferretur
1780 1026 1968 1108 idque
2014 1027 2167 1108 ipsis
2213 1028 2553 1109 perniciem
2601 1026 2901 1095 adferret„

579 1130 989 1211 congruentia
1033 1129 1129 1194 his
1178 1128 1645 1195 Interamnates
1693 1130 2083 1197 disseruere:
2147 1150 2403 1213 pessum
2444 1135 2654 1199 ituros
2701 1125 2901 1199 secun?

579 1234 869 1300 dissimos
914 1235 1141 1300 Italiae
1189 1253 1466 1316 campOS,
1533 1236 1586 1299 si
1632 1237 1836 1301 amnis
1883 1236 2015 1301 Nar
2059 1238 2150 1316 (id
2195 1238 2358 1303 enim
2405 1239 2795 1320 parabatur)
2834 1227 2901 1302 in³

577 1340 747 1405 rivos
777 1340 1070 1405 diductus
1101 1343 1737 1423 superstagnavisset.

577 1445 805 1526 lacum,
853 1463 978 1527 qua
1020 1447 1086 1510 in
1132 1444 1365 1511 Narem
1412 1444 1779 1527 effunditur,
1829 1448 2074 1513 obstrui
2117 1455 2505 1529 recusantes,
2554 1450 2793 1531 quippe
2832 1452 2879 1512 in

476 1578 541 1628 10
577 1552 931 1617 adiacentia
1000 1557 1413 1633 erupturum3
1489 1558 1746 1634 optume
1816 1553 2004 1618 rebus
2074 1553 2441 1619 mortalium
2509 1554 2901 1619 consuluisse

575 1665 890 1738 naturam,
939 1675 1100 1739 quae
1144 1676 1265 1723 sua
1308 1677 1423 1723 ora
1452 1655 1837 1738 fluminibuS,
1886 1676 2034 1725 suos
2079 1677 2305 1725 cursus
2351 1665 2544 1742 utque
2577 1660 2873 1741 originem,

576 1765 667 1830 ita
721 1762 875 1829 fines
940 1763 1217 1840 dederit;
1284 1764 1663 1846 spectandas
1727 1765 1921 1829 etiam
1983 1764 2321 1845 religiones
2387 1765 2729 1845 sociorum,
2793 1766 2875 1845 qui

577 1889 763 1936 sacra
808 1876 873 1935 et
915 1868 1093 1936 lucos
1138 1875 1208 1934 et
1251 1888 1395 1934 aras
1443 1871 1673 1952 patriis
1717 1872 2007 1937 amnibus
2056 1872 2443 1936 dicaverint:
2490 1872 2647 1953 quin
2694 1872 2872 1954 ipsum

575 1976 852 2040 Tiberim
908 1974 1073 2039 nolle
1139 1993 1400 2057 prorsus
1460 1975 1692 2041 accolis
1760 1973 1966 2041 fluviis
2034 1978 2329 2041 orbatum
2392 1977 2640 2041 minore
2702 1976 2871 2058 gloria

475 2105 539 2156 15
579 2078 790 2147 fluere.
862 2099 975 2144 seu
1006 2098 1228 2161 preces
1262 2080 1647 2146 coloniarum
1678 2098 1793 2146 seu
1828 2079 2165 2147 difficultas
2214 2100 2475 2165 operum
2516 2083 2655 2146 sive
2684 2099 2868 2162 super-

576 2188 748 2252 stitio
793 2185 1012 2265 valuit,
1062 2192 1132 2249 ut
1177 2187 1243 2250 in
1290 2187 1673 2252 sententiam
1711 2184 1825 2253 Cn.
1860 2186 2103 2252 Pisonis
2153 2188 2629 2269 concederetur,
2678 2188 2781 2269 qui
2805 2185 2861 2249 nil

576 2293 950 2358 mutandum
999 2299 1349 2359 censuerat.

754 2402 857 2464 80.
935 2396 1323 2479 Prorogatur
1370 2399 1661 2481 Poppaeo
1709 2398 1938 2465 Sabino
1984 2398 2310 2480 provincia
2357 2397 2617 2478 Moesia,
2663 2396 2857 2464 additis

577 2504 819 2570 Achaia
875 2523 950 2569 ac
996 2504 1383 2568 Macedonia.
1475 2505 1544 2570 id
1598 2523 1846 2586 quoque
1906 2523 2149 2570 morum
2211 2504 2445 2569 Tiberii
2499 2502 2636 2585 fuit,
2706 2503 2860 2568 conti-

579 2629 775 2676 nuare
821 2611 1086 2691 imperia
1132 2629 1205 2675 ac
1232 2610 1566 2692 plerosque
1614 2611 1698 2677 ad
1728 2610 1915 2676 finem
1955 2611 2126 2677 vitae
2173 2612 2237 2676 in
2283 2611 2484 2675 isdem
2518 2610 2859 2675 exercitibus

543 2775 591 2824 7.
628 2769 857 2822 sedecim
874 2767 1275 2834 stipendiorum
1291 2768 1479 2834 finem.-
1507 2769 1628 2823 eine

472 2856 906 2924 Beschrankung
931 2855 1028 2911 auf
1051 2859 1116 2909 16
1145 2856 1515 2924 Dienstjahre,
1541 2857 1628 2910 ein

469 2945 628 3005 Ende
666 2945 762 3000 der
798 2943 1110 2999 Dienstzeit
1158 2945 1257 2997 mit
1294 2947 1359 2998 16
1394 2943 1627 2998 Jahren.

544 3034 635 3103 79,
671 3037 718 3087 1.
791 3036 974 3084 actum
1011 3073 1023 3085 .
1051 3070 1065 3085 .
1105 3047 1182 3083 an
1229 3030 1331 3099 vgl.
1371 3032 1519 3100 XIII,
1556 3035 1623 3086 41

469 3121 723 3192 ayitavit,
746 3136 836 3173 an.
888 3118 959 3174 So
980 3134 1058 3172 an
1075 3119 1222 3173 ofter
1246 3120 1387 3174 nach
1404 3121 1625 3175 Verben

471 3211 566 3267 der
602 3197 976 3276 Uberlegung.

540 3304 592 3356 2.
625 3302 964 3353 verterentur
999 3321 1070 3340 =
1107 3303 1507 3350 averterentur.

539 3392 589 3441 4.
631 3384 823 3440 Clanis
853 3386 998 3454 Jetzt
1035 3384 1262 3451 Chiam,
1316 3385 1629 3452 entspringt

468 3477 557 3531 bei
596 3475 885 3528 Arretium.

539 3567 590 3620 6.
628 3561 955 3615 Interamna
970 3562 1184 3629 (Terni)
1198 3577 1283 3615 am
1294 3560 1421 3613 Nar
1432 3561 1623 3628 (Nera)

468 3654 522 3707 in
564 3652 838 3707 Umbrien.

537 3745 589 3798 8.
609 3728 1033 3807 superstaynare
1053 3736 1225 3790 findet
1239 3736 1353 3791 sich
1369 3753 1474 3790 nur
1488 3736 1625 3791 hier.

468 3859 531 3869 -—
561 3827 731 3882 Reate
748 3826 946 3893 (Rieti)
969 3826 1041 3878 im
1058 3824 1451 3878 Sabinerlande
1470 3824 1626 3879 nicht

465 3917 593 3972 weit
626 3932 746 3971 vom
773 3914 927 3968 lacus
960 3912 1182 3966 Velinus
1206 3912 1461 3980 (velino),
1498 3912 1625 3967 wel-

466 4006 595 4060 cher
613 4004 754 4059 nach
767 4001 991 4056 Norden
1016 4001 1073 4054 in
1096 4000 1201 4054 den
1225 4000 1344 4054 Nar
1368 3999 1623 4054 abfiiel‘st.

536 4096 584 4149 9.
633 4106 885 4146 recusare
934 4090 1030 4143 mit
1078 4093 1208 4143 Ace.
1259 4103 1305 4142 c.
1359 4087 1472 4155 inf„
1527 4089 1626 4142 wie

466 4182 610 4236 oster
637 4179 942 4248 prohibere.

540 4273 621 4322 12.
657 4267 928 4320 socio-rum
965 4265 1066 4318 mit
1087 4264 1392 4318 Riicksicht
1418 4265 1516 4318 auf
1540 4264 1624 4318 die

465 4359 610 4425 Zeit,
646 4369 728 4408 wo
767 4354 853 4408 die
873 4353 1184 4408 Vorfahren
1224 4353 1321 4407 der
1358 4352 1624 4406 Reatiner

1733 2768 1876 2822 noch
1949 2768 2024 2821 im
2092 2765 2851 2835 Bundesgenossenverhaltnis

1734 2856 1985 2912 standen.

1806 2947 1888 2998 14.
1926 2943 2065 2997 nolle
2100 2945 2201 2998 wie
2226 2944 2369 2997 auch
2395 2943 2484 2998 die
2511 2943 2846 3004 Bezeichmmg

1734 3031 1832 3086 der
1852 3030 2212 3086 Nebenflflsse
2249 3032 2422 3086 durch
2451 3032 2645 3085 accola
2680 3029 2851 3085 erklart

1731 3120 1851 3174 sich
1889 3135 1989 3174 aus
2028 3118 2150 3173 dem
2187 3117 2437 3173 Glauben
2476 3134 2544 3173 an
2583 3117 2853 3173 besondere

1735 3207 2095 3275 Flussgotter.

1808 3298 1890 3350 15.
1928 3294 2273 3367 superstitio.-
2324 3294 2413 3349 die
2458 3309 2561 3348 aus
2600 3295 2861 3363 religioser

1736 3384 2050 3451 Gesinnung
2069 3382 2516 3450 hervorgehende
2538 3382 2727 3437 Scheu.
2772 3379 2858 3434 Cic.

1733 3481 1846 3526 nat.
1873 3473 1924 3526 d.
1951 3472 1994 3539 I,
2013 3476 2084 3525 42
2121 3470 2530 3526 unterscheidet
2555 3468 2859 3538 superstitio,

1729 3561 1795 3613 in
1830 3576 1946 3628 qua
1981 3560 2123 3613 inest
2158 3559 2323 3612 timor
2347 3558 2586 3624 deorum,
2624 3575 2727 3612 von
2757 3554 2856 3609 reli·

1730 3648 1840 3717 9i0‚
1862 3664 2003 3716 quae
2019 3647 2243 3702 deorum
2266 3647 2418 3700 cultu
2435 3647 2535 3715 pio
2564 3646 2857 3700 continetur.

1809 3739 1889 3791 16.
1946 3736 2176 3790 Pisonis
2229 3736 2371 3790 ohne
2428 3735 2533 3789 den
2582 3734 2858 3788 Vornamen

1738 3824 1857 3890 Gn„
1896 3824 2018 3879 weil
2045 3824 2221 3879 neben
2248 3824 2368 3878 dem
2393 3823 2461 3878 K.
2488 3826 2557 3879 74
2574 3822 2858 3879 erwahnten

1731 3914 1864 3968 kein
1900 3913 2133 3968 anderer
2170 3912 2459 3967 desselben
2496 3912 2731 3966 Namens
2770 3908 2857 3962 bis-

1732 3999 1832 4054 her
1868 4007 2107 4067 genannt
2144 4001 2382 4055 worden.

1801 4088 1895 4158 80,
1936 4093 1982 4142 1.
2055 4088 2264 4142 additis
2312 4087 2518 4156 infolge
2569 4087 2668 4142 der
2711 4085 2774 4142 Κ.
2803 4085 2857 4137 76

1733 4177 2051 4231 erwahnten
2072 4176 2467 4244 Umwandlung
2486 4177 2541 4229 in
2559 4172 2853 4230 kaiserliche

1732 4264 2047 4318 Provinzen.

1803 4355 1856 4405 3.
1890 4349 2213 4404 exercitibus
2249 4356 2349 4405 aut
2382 4350 2849 4410 iurisdictionibus

1833 1359 1948 1407 nec
1980 1342 2235 1408 Reatini
2266 1342 2554 1425 silebant,
2612 1343 2901 1408 Velinum'
