2992 4825
1045 232 1214 287 Liber
1250 232 1292 287 Ι.
1349 231 1481 300 Cap.
1519 234 1607 288 81.
2449 221 2530 282 85

71 357 74 374 ⁵
103 373 206 433 aut
237 370 793 438 iurisdictionibus
824 373 1076 441 habere.

1171 392 1402 440 causae
1430 374 1609 440 varie
1656 373 2031 440 traduntur:
2078 374 2187 439 alii
2216 373 2430 440 taedio

107 494 304 541 novae
351 495 545 543 curae
589 479 783 544 semel
830 479 1065 561 placita
1108 499 1226 564 pro
1274 481 1553 546 aeternis
1599 481 1977 561 servavisse,
2037 482 2292 561 quidam
2336 481 2430 546 in·
2468 499 2501 551 5

71 582 288 684 ividia,
348 602 435 648 ne
479 585 692 666 plures
737 583 1130 664 fruerentur;
1197 590 1349 652 sunt
1393 587 1502 668 qui
1563 586 1944 667 existiment,
2006 591 2080 650 ut
2134 585 2430 651 callidum

110 687 230 752 eius
281 688 629 771 ingenium,
677 691 769 757 ita
800 693 1053 757 anxium
1098 692 1437 771 iudicium3
1485 710 1693 773 neque
1739 691 1905 757 enim
1950 692 2278 757 eminentis
2308 692 2433 756 vir-

107 799 270 858 tutes
320 796 710 876 sectabatur,
759 803 824 862 et
869 815 1120 862 rursum
1161 798 1315 863 vitia
1362 798 1616 863 oderat:
1664 817 1740 862 ex
1770 797 2039 879 =optimis
2084 796 2432 879 periculum

71 891 74 982 j
116 900 230 978 sibi,
286 919 327 965 a
376 903 671 983 pessimis
718 902 994 969 dedecus
1038 903 1364 985 publicum
1394 905 1742 969 metuebat.
1835 922 1962 986 qua
2007 902 2430 968 haesitatione

118 1010 426 1084 postremo
473 1027 547 1073 eo
578 1016 915 1090 provectus
948 1015 1066 1089 est,
1114 1014 1187 1074 ut
1217 1010 1620 1075 mandaverit
1651 1010 2027 1091 quibusdam
2055 1009 2432 1091 provinciaS,
2473 1028 2539 1079 10

71 1107 74 1248 j
115 1128 258 1190 quos
307 1114 533 1194 egredi
578 1115 738 1179 urbe
785 1133 916 1180 non
961 1120 1105 1180 erat
1150 1132 1475 1197 passurus.

279 1222 390 1284 81.
440 1219 536 1284 De
583 1221 855 1287 comitiis
900 1220 1358 1301 consularibuS,
1407 1239 1572 1303 quae
1603 1227 1740 1286 tum
1786 1221 2061 1301 primum
2105 1220 2214 1285 illo
2259 1220 2432 1302 prin-

118 1322 240 1403 cipe
311 1342 391 1389 ac
458 1326 755 1408 deinceps
813 1325 1007 1407 fuere,
1082 1328 1185 1393 vix
1238 1328 1576 1409 quicquam
1641 1324 1896 1391 firmare
1959 1327 2198 1391 ausim:
2268 1326 2429 1391 adeo

117 1425 359 1492 diversa
427 1449 555 1495 non
621 1432 809 1496 modo
880 1432 1050 1514 apud
1112 1438 1403 1499 auctores
1472 1431 1588 1497 sed
1648 1432 1713 1496 in
1773 1432 1973 1514 ipsius
2036 1431 2431 1496 orationibus

120 1535 529 1613 reperiuntur.

621 1538 806 1604 modo
838 1539 1183 1603 subtractis
1216 1537 1702 1604 candidatorum
1732 1538 2090 1603 nominibus
2127 1537 2429 1618 originem

124 1639 411 1720 cuiusque
460 1646 525 1707 et
570 1643 764 1707 vitam
828 1648 894 1709 et
939 1645 1256 1725 stipendia
1301 1645 1655 1725 descripsit,
1718 1650 1791 1708 ut
1836 1644 1942 1725 qui
1991 1642 2201 1708 forent
2243 1641 2429 1709 intel·
2466 1662 2499 1713 5

120 1744 462 1826 legeretur:
511 1747 849 1829 aliquando
898 1769 974 1815 ea
1021 1769 1269 1832 quoque
1314 1748 1782 1831 significatione
1830 1750 2165 1815 subtracta
2210 1747 2428 1814 candi·

71 1821 74 1894 ἷ
127 1851 290 1916 datos
319 1851 635 1933 hortatuS,
684 1874 764 1920 ne
797 1855 1039 1920 ambitu
1070 1857 1326 1922 comitia
1357 1858 1713 1934 turbarent,
1761 1872 1941 1919 suam
1973 1855 2056 1919 ad
2099 1855 2164 1920 id
2212 1871 2429 1919 curam

133 1957 420 2037 pollicitus
468 1965 586 2027 est.
677 1960 1047 2042 plerumque
1095 1980 1201 2027 eos
1248 1967 1498 2028 tantum
1533 1962 1702 2044 apud
1748 1980 1817 2026 se
1864 1960 2182 2042 professos
2230 1961 2429 2026 disse-

148 2064 259 2142 ruit,
310 2082 582 2146 quorum
628 2067 884 2132 nomina
930 2067 1290 2134 consulibus
1338 2068 1676 2149 edidisset3
1734 2085 1922 2149 posse
1969 2073 2035 2132 et
2080 2068 2238 2132 alios
2284 2085 2428 2148 pro-

146 2165 291 2248 fiteri,
358 2170 414 2234 si
462 2173 710 2253 gratiae
766 2179 880 2238 aut
934 2175 1178 2239 meritis
1239 2172 1667 2239 confiderent:
1737 2174 2024 2255 speciosa
2067 2173 2295 2252 verbiS,
2355 2191 2425 2237 re
2471 2191 2533 2242 10

135 2273 321 2339 inania
362 2282 478 2341 aut
524 2277 807 2358 subdola,
870 2284 1230 2361 quantoque
1273 2281 1512 2346 maiore
1573 2280 1888 2344 libertatis
1934 2279 2206 2360 imagine
2252 2284 2427 2360 tege-

133 2377 357 2462 bantur,
402 2387 590 2449 tanto
638 2390 948 2469 eruptuia
995 2387 1077 2452 ad
1122 2385 1428 2453 infensius
1472 2386 1819 2453 servitium.
1884 2434 1888 2447 .

128 2590 428 2657 jenachdem
467 2595 554 2650 die
593 2595 937 2662 Statthalter,
975 2598 1076 2652 wie
1115 2614 1173 2652 es
1210 2598 1267 2651 in

141 2678 225 2734 den
255 2681 553 2738 Provinzen
603 2699 671 2738 an
720 2684 817 2738 der
860 2685 1264 2753 Reichsgrenze

150 2767 464 2824 erforderlich
521 2787 650 2841 war,
712 2774 800 2827 ein
861 2774 1008 2827 Heer
1071 2774 1261 2828 hatten

147 2854 247 2909 oder
275 2875 379 2912 nur
406 2860 890 2916 Gerichtsbarkeit
914 2862 1099 2916 fibten.
1158 2862 1263 2917 Die

145 2943 406 3002 Vorsteher
451 2950 607 3004 einer
665 2949 895 3003 Provinz
944 2952 1042 3005 mit
1087 2953 1260 3007 einem

145 3031 287 3089 Heere
320 3052 506 3091 waren
541 3038 966 3094 konsularische
997 3040 1262 3108 Legaten,

144 3119 208 3175 die
251 3126 344 3178 mit
399 3125 607 3203 blol‘ser
657 3126 1027 3181 Jurisdiktion
1077 3135 1260 3196 prato-

140 3210 290 3266 rische
345 3215 591 3281 Legaten
646 3215 779 3269 oder
834 3216 1262 3271 Prokuratoren.

138 3296 221 3353 Die
283 3305 647 3368 gemeinsame
709 3305 1094 3371 Bezeichnung
1168 3306 1263 3361 der

137 3386 465 3457 Amtsgewalt
501 3393 688 3447 beider
737 3393 813 3446 ist
848 3392 1112 3460 imperia,-
1161 3409 1264 3447 nur

77 3474 78 3477 ’
140 3484 267 3542 sagte
289 3495 412 3534 man
434 3480 522 3534 bei
541 3481 708 3548 jenen
744 3495 866 3534 cum
888 3481 1135 3549 imperio,
1174 3483 1262 3537 bei

140 3562 301 3620 diesen
333 3569 396 3621 ivi
429 3568 659 3637 imperio
694 3585 820 3625 esse.

196 3657 239 3709 8.
280 3672 344 3710 ex
391 3659 569 3712 neben
622 3659 741 3713 dem
776 3659 1190 3726 gewohnlichen
1226 3676 1264 3724 a

140 3739 213 3794 bei
233 3750 451 3798 metuere
486 3763 586 3800 aus
615 3747 709 3801 der
736 3748 858 3802 dem
878 3748 1007 3801 Tac.
1036 3748 1263 3814 eigenen

143 3827 363 3888 Vorliebe
387 3835 474 3888 fiir
495 3836 910 3902 Abwechslung.
985 3836 1107 3905 Vgl.
1130 3836 1262 3890 Sall.

145 3915 239 3971 Cat.
261 3923 322 3974 52
349 3923 655 3990 periculum
692 3939 760 3977 ex
792 3923 903 3976 illis
932 3924 1119 3977 metuit
1154 3924 1263 3978 und

142 4005 260 4060 oben
291 4008 354 4062 K.
390 4014 458 4065 29
494 4027 562 4064 ex
598 4012 732 4066 duce
766 4018 956 4069 metus·

81 4170 82 4175 ἵ
201 4097 242 4148 9.
275 4096 586 4153 haesitatio:
635 4101 723 4154 ein
761 4116 860 4155 aus
912 4099 1262 4169 ubergrofser

83 4246 86 4255 s
147 4179 370 4240 Vorsicht
406 4189 861 4258 entspringendes
898 4188 1137 4257 Zogern.

1443 2597 1537 2668 81,
1579 2602 1627 2652 1.
1665 2601 1780 2649 tum
1817 2596 1890 2649 im
1927 2599 1978 2650 2.
2002 2596 2177 2650 Jahre
2214 2597 2398 2651 seiner
2424 2596 2530 2650 Re-

1370 2687 1618 2754 gierung‚
1658 2684 1727 2738 da
1765 2683 1854 2739 die
1878 2683 2134 2739 Konsuln
2174 2684 2269 2739 des
2308 2685 2531 2738 vorher-

1362 2773 1657 2842 ‘gohenden
1680 2772 1716 2827 J
1720 2774 1885 2826 ahres
1922 2772 2130 2827 bereits
2158 2778 2320 2826 unter
2347 2774 2531 2839 Augu-

1371 2868 1491 2916 stus
1518 2861 1817 2929 designiert
1840 2875 2042 2915 waren.
2069 2890 2129 2897 —
2168 2860 2262 2913 illo
2276 2860 2533 2927 principe

1369 2951 1440 3003 ist
1487 2950 1628 3004 auch
1679 2949 1770 3003 bei
1818 2948 2073 3016 deinceps
2121 2965 2190 3002 zu
2238 2954 2531 3017 erganzen,

1372 3038 1441 3092 da
1479 3039 1621 3092 nach
1662 3037 1918 3091 Tiberius
1970 3037 2054 3091 die
2092 3036 2341 3091 Konsuln
2378 3036 2533 3091 nicht

1369 3141 1492 3180 vom
1550 3126 1752 3181 Senate
1806 3125 2053 3194 gewablt,
2118 3125 2357 3180 sondern
2409 3141 2531 3179 vom

1370 3214 1571 3268 Kaiser
1611 3214 1912 3282 designiert
1949 3214 2196 3271 wurden.

1437 3307 1489 3356 2.
1527 3301 1750 3366 firmare
1786 3309 1853 3356 st.
1889 3301 2175 3367 affirmare
2224 3300 2370 3355 nach
2409 3301 2530 3354 dem

1368 3389 1662 3459 Vorgange
1696 3406 1805 3443 von
1838 3389 2103 3443 Dichtern
2141 3389 2225 3443 oft
2262 3388 2351 3442 bei
2384 3388 2532 3456 Tac,

1370 3494 1430 3532 so
1471 3479 1569 3545 111,
1614 3482 1692 3532 14.
1735 3479 1829 3545 VI,
1867 3480 1917 3532 6.
1956 3480 2042 3533 28.
2081 3480 2163 3532 50.
2202 3478 2334 3532 hist.
2370 3478 2442 3546 11,
2481 3479 2531 3532 9.

1439 3572 1491 3624 4.
1552 3567 1869 3621 subtrahere
1928 3568 1987 3621 in
2047 3566 2145 3621 der
2207 3566 2534 3634 Bedeutung

1370 3657 1892 3723 verschweigen
1931 3656 2002 3709 ist
2038 3654 2471 3710 nachklassisoh.

1440 3747 1487 3798 9.
1529 3744 1859 3809 consulibus,
1888 3744 2096 3799 welche
2117 3744 2204 3799 die
2224 3741 2530 3796 Konsular-

1369 3834 1629 3887 komitien
1649 3833 1739 3886 fiir
1758 3832 1857 3886 das
1877 3833 2106 3888 nachste
2126 3833 2162 3888 J
2165 3833 2264 3886 ahr
2286 3831 2529 3885 leiteten.

1443 3924 1527 3976 10.
1551 3919 1794 3988 speciosa
1820 3959 1833 3973 .
1854 3960 1866 3973 .
1889 3963 1903 3978 .
1922 3920 2223 3985 servitium,
2244 3918 2374 3972 Tac.
2399 3917 2532 3971 liebt

1370 4025 1446 4076 ee,
1498 4008 1588 4063 die
1635 4008 1951 4077 Darlegung
2002 4008 2100 4062 der
2148 4007 2531 4061 Verhaltnisse

1367 4099 1470 4152 mit
1494 4098 1668 4152 einem
1693 4095 2296 4151 zusammenfassenden
2316 4094 2535 4151 Urteile

1367 4184 1822 4244 abzusohliessen.
