2992 4825
1078 261 1244 319 Liber
1279 263 1319 317 Ι.
1378 263 1509 332 Cap.
1551 267 1634 319 13.
2476 250 2553 311 21
2654 299 2664 307 .

98 402 532 470 sermonibus
594 422 738 470 cum
793 409 1120 486 tractaret,
1191 404 1446 489 quinam
1503 406 1770 490 adipisci
1833 405 2179 488 principem
2242 405 2451 471 locum
2488 425 2522 477 5

101 505 466 574 suffecturi
526 508 880 576 abnuerent
942 516 1054 576 aut
1096 512 1350 593 inpares
1395 511 1632 577 vellent
1675 511 1774 576 vel
1829 512 1993 577 idem
2042 516 2301 594 possent
2347 529 2453 578 cu-

101 618 486 697 perentque
501 665 516 696 ‚
588 614 697 683 M’.
752 615 1060 698 Lepidum
1132 617 1380 683 dixerat
1448 635 1742 700 capacem
1807 617 1920 683 sed
1986 622 2452 699 aspernantem,

102 719 393 786 Gallum
438 720 724 786 Asinium
770 722 1025 788 avidum
1072 727 1138 789 et
1182 724 1509 806 minorem,
1555 722 1626 791 L.
1665 723 2034 788 Arruntium
2080 742 2208 788 non
2253 722 2456 804 indig-

106 844 280 891 num
331 831 419 907 et,
473 827 527 892 si
574 843 756 891 casus
801 827 1081 909 daretur,
1148 847 1467 894 ausurum.
1561 829 1638 894 de
1683 828 2000 910 prioribus
2046 829 2456 909 consentitur,

116 949 238 1014 pro
295 932 599 998 Arruntio
645 933 900 1016 quidam
933 932 1044 999 Cn.
1075 934 1364 1000 Pisonem
1413 934 1770 1015 tradidere3
1821 952 2160 1016 omnesque
2205 938 2458 1016 praeter
2497 955 2563 1005 10

110 1037 446 1120 Lepidum
505 1039 698 1104 variis
759 1057 904 1105 mox
963 1039 1327 1105 criminibus
1398 1045 1686 1106 struente
1739 1038 1990 1105 Tiberio
2056 1039 2460 1104 circumventi

111 1148 305 1210 sunt.
401 1143 621 1209 etiam'
656 1144 731 1223 Q.
798 1144 1101 1211 Haterius
1171 1150 1238 1210 et
1300 1145 1653 1211 Mamercus
1722 1144 1997 1211 Scaurus
2064 1145 2457 1227 suspicacem

107 1249 418 1315 animum
459 1251 902 1333 perstrinxere,
947 1250 1252 1319 Haterius
1302 1269 1443 1317 cum
1485 1252 1748 1316 dixisset
1785 1268 2146 1333 „quousque
2176 1250 2457 1333 patieris,

113 1354 400 1435 Caesar,
443 1374 571 1421 non
616 1356 839 1423 adesse
886 1362 1077 1439 caput
1121 1358 1215 1422 rei
1244 1357 1535 1439 publicae
1548 1357 1643 1439 ‘?“‚
1690 1355 1968 1424 Scaurus
2013 1357 2163 1439 quia
2195 1356 2453 1436 dixerat,

111 1479 311 1544 spem
359 1480 500 1528 esse
545 1481 624 1527 ex
655 1481 729 1529 eo
776 1481 902 1528 non
945 1463 1171 1529 inritas
1215 1463 1353 1530 fore
1384 1466 1641 1529 senatus
1672 1482 1915 1545 preceS,
1963 1462 2133 1544 quod
2163 1462 2456 1528 relationi
2496 1482 2561 1533 15

117 1567 470 1634 consulum
536 1569 675 1634 iure
744 1568 1121 1636 tribuniciae
1189 1570 1525 1651 potestatis
1595 1588 1721 1635 non
1788 1568 2269 1635 intercessisset.
2390 1568 2458 1631 in

113 1672 476 1740 Haterium
521 1673 741 1739 statim
786 1674 1074 1741 invectus
1121 1679 1253 1754 est;
1320 1673 1652 1754 Scaurum,
1701 1674 1801 1740 cui
1843 1672 2284 1758 inplacabilius
2330 1673 2458 1738 ira-

114 1781 454 1860 scebatur,
500 1779 750 1845 silentio
782 1780 1077 1848 tramisit.
1167 1778 1502 1863 fessusque
1534 1779 1803 1846 clamore
1836 1780 2131 1860 omnium,
2165 1783 2460 1861 expostu-

113 1885 379 1952 latione
423 1885 815 1969 singulorum
872 1883 1047 1952 flexit
1090 1887 1418 1969 paulatim,
1485 1905 1613 1951 non
1656 1890 1730 1950 ut
1772 1884 2086 1951 fateretur
2142 1884 2377 1967 suscipi
2420 1903 2461 1950 a

128 2010 205 2057 se
249 1992 606 2073 imperium,
669 1992 783 2057 sed
828 1997 899 2057 ut
944 2010 1177 2075 negare
1233 1998 1298 2059 et
1342 1992 1555 2073 rogari
1600 1992 1937 2058 desineret.
2030 1995 2284 2057 constat
2326 1990 2459 2057 Ha·
2496 2008 2566 2060 20

132 2097 389 2179 terium,
436 2116 579 2164 cum
609 2096 989 2179 deprecandi
1020 2117 1215 2165 causa
1244 2098 1562 2164 Palatium
1592 2098 1921 2164 introisset
1951 2096 2459 2179 ambulantisque

129 2202 377 2269 Tiberii
418 2221 628 2285 genua
656 2202 1118 2286 advolveretur,
1164 2222 1359 2287 prope
1404 2223 1444 2269 a
1488 2203 1794 2269 militibus
1834 2202 2260 2283 interfectum,
2308 2203 2457 2285 quia

199 2400 256 2453 6.
298 2394 584 2463 suffecturi
617 2396 855 2466 absolut,
880 2397 982 2454 wie
1009 2397 1191 2453 Germ.
1213 2400 1296 2452 13.

121 2514 203 2528 -—
243 2490 356 2539 aut
390 2526 403 2539 .
428 2525 441 2537 .
474 2485 554 2540 vel
589 2485 681 2540 nie
714 2486 769 2540 in
805 2487 939 2541 zwei
973 2487 1300 2554 korrespon·

123 2572 443 2631 dierenden
467 2573 721 2629 Gliedern
758 2575 815 2628 in
853 2573 952 2630 der
974 2573 1302 2642 Bedeutung

129 2662 489 2719 entweder
518 2693 578 2701 -
607 2663 800 2732 oder,
825 2661 1065 2718 sondern
1090 2679 1153 2718 so
1179 2663 1299 2718 dass

134 2751 220 2807 vel
245 2751 371 2807 dem
396 2755 496 2805 aut
534 2751 655 2806 sich
678 2750 1037 2807 unterordnet
1074 2751 1248 2820 (XIV,
1268 2754 1300 2806 3

134 2841 200 2895 in
238 2840 428 2894 hortos
462 2844 563 2893 aut
592 2839 640 2892 T
635 2839 959 2894 asculanum
996 2838 1076 2894 vel
1099 2839 1300 2894 Antia-

133 2934 242 2984 tem
283 2929 351 2983 in
398 2925 614 2997 ayrum)
652 2927 806 2994 oder,
850 2928 951 2983 wie
998 2928 1139 2994 hier,
1196 2927 1302 2982 den

138 3017 318 3073 durch
339 3021 440 3070 aut
463 3016 954 3071 unterschiedenen
967 3015 1158 3071 Teilen
1181 3016 1301 3071 eine

134 3107 348 3162 andere
385 3104 610 3173 Angabe
658 3104 1146 3174 gegenuberstellt3
1195 3104 1300 3172 vgl.

131 3196 202 3251 Κ.
233 3197 323 3251 59.
376 3192 635 3262 Dagegen
671 3193 800 3251 hist.
828 3196 879 3261 2,
911 3197 975 3247 10
998 3192 1081 3247 vel
1099 3220 1167 3232 —
1189 3196 1303 3246 aut.

130 3314 204 3325 —
242 3283 389 3338 idem
424 3282 630 3339 Plural.

204 3377 263 3429 7.
299 3386 484 3440 capace
517 3371 661 3440 (dem
689 3370 1015 3438 suffecturas
1053 3375 1301 3438 entspre-

130 3459 365 3529 cheud):
402 3458 613 3528 fahig.

204 3553 261 3604 8.
314 3554 366 3602 et
399 3564 500 3604 vor
534 3548 799 3601 minorem
837 3552 975 3602 statt
1009 3546 1123 3600 sed.
1196 3545 1299 3601 Ge-

130 3636 415 3695 wbhnlich
463 3637 584 3692 tritt
634 3636 808 3691 durch
854 3637 942 3691 die
978 3635 1300 3703 kopulative

133 3732 281 3785 statt
340 3725 437 3780 der
484 3725 867 3781 adversativen
913 3724 1153 3779 Part-ikel
1206 3724 1302 3779 der

134 3817 456 3885 Gegensatz
515 3813 600 3868 als
663 3819 832 3868 etwas
893 3811 1300 3868 Unerwartetes

135 3922 228 3960 um
267 3918 333 3959 so
370 3902 527 3957 mehr
562 3901 788 3969 hervor3
825 3902 946 3955 hier
979 3901 1052 3955 ist
1075 3905 1128 3954 et
1161 3899 1303 3955 wohl

137 4009 247 4049 nur
285 4008 386 4046 zur
422 3989 860 4057 Abwechselung
895 3988 993 4042 mit
1030 3988 1150 4043 dem
1185 4003 1303 4043 vor-

138 4078 525 4150 aufgehenden
558 4077 655 4132 aed
686 4075 1005 4146 gebraucht.

212 4173 263 4225 9.
321 4184 486 4223 casua
531 4191 602 4211 =
651 4168 884 4222 occasio.
954 4164 1076 4233 Vgl.
1127 4164 1220 4232 XI,
1269 4167 1303 4219 9

142 4273 306 4313 casus
329 4253 659 4311 Mithridati
695 4252 860 4308 datus
896 4256 975 4307 est
998 4250 1305 4320 occupandi

145 4346 477 4401 Armeniam.

1478 2398 1562 2451 10.
1598 2410 1778 2450 omnes
1812 2410 2079 2466 ungenau,
2116 2393 2187 2451 da
2210 2411 2314 2451 nur
2338 2394 2566 2450 Asinius

1409 2484 1599 2538 Gallus
1635 2483 2026 2539 aqunstiften
2064 2483 2159 2538 des
2198 2484 2319 2539 Tib.
2355 2489 2567 2553 getotet

1407 2571 1597 2627 wurde
1633 2572 1750 2640 (VI,
1774 2571 1885 2641 23),
1921 2570 1980 2626 in
2002 2571 2189 2642 Bezug
2223 2572 2326 2628 auf
2358 2576 2565 2627 Arrun-

1407 2661 1519 2717 tius
1566 2660 1725 2731 (oder
1763 2660 1917 2732 Piso)
1972 2662 2105 2717 aber
2161 2662 2311 2716 seine
2358 2659 2566 2715 Schuld

1409 2750 1568 2807 nicht
1604 2751 1867 2806 erwiesen
1905 2751 1979 2804 ist
2026 2749 2141 2820 (VI,
2179 2751 2267 2804 48.
2313 2749 2415 2816 ΙΙΙ,
2456 2748 2565 2816 15).

1480 2843 1566 2897 11.
1618 2838 1965 2893 circumventi
2022 2838 2096 2892 im
2150 2837 2563 2906 fibertragenen

1406 2927 1575 2983 Sinne
1611 2952 1681 2972 =
1717 2927 1787 2982 ad
1823 2926 2117 2995 perniciem
2155 2925 2382 2981 redacti.

1483 3021 1564 3071 12.
1606 3013 1668 3084 Q.
1706 3014 1981 3069 Haterius
2019 3012 2246 3083 ,familia
2270 3014 2564 3080 senatoria,

1408 3102 1770 3172 eloquentiae,
1825 3101 2006 3171 quoad
2040 3101 2198 3171 vixit,
2236 3101 2564 3156 celebratae‘

1407 3191 1504 3259 IV,
1541 3195 1626 3246 61.
1675 3220 1742 3232 -
1795 3189 1964 3243 Mam.
2015 3187 2262 3243 Scaurus
2315 3189 2563 3258 ,insignis

1409 3279 1700 3334 nobilitate
1738 3286 1795 3333 et
1819 3277 2041 3333 orandis
2067 3277 2262 3344 causis,
2299 3277 2413 3331 vita
2436 3292 2563 3345 pro-

1407 3368 1623 3423 brosus‘
1649 3367 1770 3438 (VI,
1794 3365 1886 3435 29)
1923 3370 2098 3420 t6tete
2123 3364 2244 3419 sich
2265 3367 2336 3419 34
2361 3381 2413 3419 n.
2438 3364 2565 3419 Chr.

1482 3458 1563 3511 14.
1600 3453 1683 3509 rei
1709 3471 1768 3523 p.
1805 3453 1968 3508 Dativ
2007 3469 2078 3507 zu
2114 3451 2319 3510 adesse.

1481 3547 1564 3599 15.
1613 3541 1871 3597 relationi
1915 3539 2196 3595 consulum
2251 3538 2351 3594 auf
2391 3526 2565 3595 Uber-

1406 3633 1602 3688 nahme
1640 3630 1737 3686 des
1774 3629 2106 3698 Principats,
2152 3645 2256 3683 von
2307 3628 2568 3683 welchem

1407 3723 1655 3789 Antrage
1676 3719 1761 3775 die
1774 3717 2424 3787 Senatsverhandlungen
2443 3734 2567 3774 aus·

1407 3825 1688 3879 gegangen
1728 3808 1845 3863 sein
1881 3812 2114 3861 mussen.

1482 3901 1566 3956 18.
1585 3892 1800 3951 silentio
1813 3893 2132 3962 tramittere,
2145 3893 2566 3949 nachklassisch

1410 3991 1551 4040 statt
1585 3984 1667 4038 sa.
1694 3982 2130 4053 praetermittere
2166 3980 2300 4037 oder
2314 3988 2564 4050 praeter-

1406 4073 1521 4141 ire;
1557 4072 1710 4143 XIII,
1745 4075 1831 4128 22.
1868 4070 1998 4124 hist.
2033 4069 2128 4136 IV,
2164 4071 2213 4123 9.

1481 4163 1566 4215 19.
1597 4159 1753 4227 flexit
1789 4158 2022 4227 absolut,
2077 4156 2179 4212 wie
2213 4155 2282 4210 K.
2320 4159 2388 4212 34
2426 4173 2480 4215 u.
2518 4162 2566 4211 ὃ.

1478 4252 1566 4303 20.
1602 4246 1828 4318 royari:
1867 4246 2019 4301 sich
2055 4245 2566 4300 bittenlassen.

1480 4340 1566 4393 22.
1602 4333 1885 4391 advolvere
1919 4334 2011 4389 bei
2046 4333 2108 4389 T.
2145 4333 2246 4388 mit
2283 4332 2403 4388 dem
2438 4335 2568 4389 Acc.
