2992 4825
974 126 1005 152 Ο

958 227 1061 281 Die
1099 226 1338 281 Stamme
1376 226 1475 281 der
1515 227 1745 282 Sueben.
2489 215 2570 275 55

503 364 580 431 Ι).
670 365 791 432 Die
839 365 1124 433 Stamme
1173 366 1296 434 der
1343 366 1605 434 Sueben
1653 369 1732 451 (c.
1785 369 2094 452 38-45).

300 475 422 537 38.
517 471 700 537 Nunc
747 474 826 538 de
872 474 1098 538 Suebis
1145 474 1485 540 dicendum
1533 479 1651 554 est,
1717 492 1985 555 quorum
2032 491 2157 538 non
2205 491 2349 553 una,
2398 479 2470 538 ut

77 568 521 652 Chattorum
569 577 1168 671 Tencterorumque,
1231 597 1423 662 gens;
1486 580 1794 644 maiorem
1861 580 2028 645 enim
2092 578 2470 644 Germaniae

77 685 383 758 partem
417 683 726 775 obtinent,
760 685 1033 765 propriis
1059 684 1267 750 adhuc
1298 685 1662 755 nationibus
1684 685 2169 765 nominibusque
2194 683 2468 766 discreti,

81 801 519 869 quamquam
576 790 641 854 in
706 807 1035 856 commune
1079 789 1273 856 Suebi
1317 796 1644 857 vocentur.
1737 792 1991 872 Insigne
2054 790 2264 871 gentis
2312 774 2471 853 obli-

85 907 332 969 quare
398 894 634 958 crinem
682 895 973 977 nodoque
1034 893 1501 980 substringere:
1572 896 1663 961 sic
1717 879 1907 961 Suebi
1940 913 1997 958 a·
2039 895 2268 961 ceteris
2315 893 2470 958 Ger·
2506 914 2538 965 5

83 998 358 1077 maniS,
426 1000 535 1064 sic·
579 998 930 1093 Sueborum
991 1002 1251 1083 ingenui
1313 1020 1352 1066 a
1417 999 1618 1066 servis
1682 1005 2082 1082 separantur.
2189 999 2264 1064 In
2328 999 2469 1064 aliis

88 1103 441 1181 gentibus
489 1142 574 1151 -
621 1122 735 1170 seu
781 1107 1156 1187 cognatione
1201 1106 1413 1187 aliqua
1458 1106 1830 1186 Sueborum,
1880 1124 2012 1184 seu,
2061 1099 2230 1186 quod
2276 1122 2469 1185 saepe

87 1208 386 1288 accidit,
435 1211 788 1276 imitatione
851 1248 936 1257 —
1000 1230 1214 1276 rarum
1259 1211 1540 1297 et3intra
1583 1212 1879 1277 iuventae
1936 1211 2236 1292 spatium,
2298 1209 2469 1291 apud

91 1310 380 1380 Suebos
426 1333 629 1397 usque
677 1316 760 1381 ad
807 1317 1123 1397 canitiem,
1192 1316 1555 1382 horrentem
1616 1315 1913 1398 capillum
1952 1320 2345 1396 retorquent,
2393 1332 2469 1379 ac

92 1436 339 1500 saepe.
375 1421 441 1485 in
485 1422 625 1503 ipso
690 1419 870 1507 [solo]
918 1424 1155 1488 vertice
1199 1422 1476 1504 religant
1496 1451 1513 1505 ;
1579 1423 1899 1504 principes
1957 1427 2023 1486 et
2080 1422 2467 1509 ornatiorem
2509 1441 2576 1491 10

95 1523 392 1605 habent.
487 1526 586 1592 Ea
633 1533 786 1592 cura
832 1526 1095 1608 formae,
1148 1528 1264 1593 sed
1315 1529 1606 1616 innoxia3
1673 1546 1877 1608 neque
1925 1528 2102 1592 enim·
2138 1532 2211 1591 ut
2256 1530 2472 1591 ament

99 1637 527 1711 amenturve,
593 1620 659 1697 in
707 1632 1106 1698 altitudinem
1171 1633 1489 1716 quandam
1538 1639 1605 1699 et
1650 1640 1958 1698 terrorem
2022 1631 2260 1697 adituri
2307 1630 2473 1696 bella

99 1719 449 1819 comptius
496 1737 778 1803 hostium
825 1739 1027 1804 oculis
1073 1746 1399 1806 ornantur.
1708 1815 1714 1820 ,

311 1847 418 1907 39.
485 1844 968 1914 Vetustissimos
1004 1842 1116 1930 [se]
1160 1839 1705 1925 nobilissimosque
1743 1843 2096 1909 Sueborum
2128 1841 2471 1908 Semnones

103 1954 522 2027 memorant3
570 1947 729 2013 fides
776 1950 1173 2030 antiquitatis
1219 1950 1525 2033 religione
1571 1949 1878 2015 firmatur.
1959 1949 2142 2014 Stato
2184 1954 2470 2029 tempore

105 2051 194 2115 in·
234 2053 474 2118 silvam
524 2054 806 2135 auguriis
866 2060 1122 2136 patrum
1171 2061 1238 2119 et
1283 2059 1493 2138 prisca
1555 2053 1891 2120 formidine
1952 2072 2196 2118 sacram
2256 2070 2472 2118 omnes

634 2193 694 2247 C.
733 2196 829 2248 38.

189 2283 248 2333 2.
291 2281 559 2333 maiorem
600 2280 668 2335 G.
697 2286 933 2347 partem,
985 2281 1089 2337 den
1129 2274 1306 2335 'Osten

108 2384 219 2443 ew.
266 2368 414 2423 Elbe
454 2368 566 2422 und
604 2369 902 2437 Weichsel,
956 2370 1148 2424 Donau
1196 2368 1309 2423 und

112 2455 349 2522 Ostsee.
1263 2507 1267 2511 .

176 2528 246 2602 ⁹3,
292 2543 511 2598 adh-uc.-
535 2543 706 2597 dazu
726 2585 740 2610 ,
766 2543 1130 2607 uberdie83
1158 2550 1308 2597 nam-

110 2632 235 2686 lich
278 2632 533 2686 wiewohl
588 2634 668 2686 sie
722 2634 1025 2700 insgesamt
1093 2632 1308 2685 Sueben

112 2714 388 2786 genannt.
434 2720 674 2785 werden,
736 2736 798 2774 so
855 2720 979 2774 sind
1034 2721 1112 2772 sie
1167 2719 1306 2772 doch

113 2807 394 2862 iiberdies
424 2808 567 2862 nach
593 2810 820 2876 eigenen
839 2806 1308 2861 Volkerschaften

113 2888 236 2950 und
275 2896 461 2950 durch
500 2898 694 2964 eigene
732 2896 946 2949 Namen
995 2894 1305 2963 gesondert.

188 2987 246 3042 4.
287 2984 609 3050 obliquare.-
669 2983 871 3049 schrag
921 2984 976 3035 in
1022 2983 1109 3037 die
1145 2983 1306 3035 Hohe

116 3073 435 3127 streichen.
852 3115 870 3137 .,

190 3163 244 3215 6.
280 3160 351 3211 in
373 3158 503 3210 aliis
522 3158 777 3226 pentibus
800 3199 811 3210 .
834 3197 845 3211 .
865 3162 1171 3223 sequuntur
1191 3156 1301 3209 fiir:

116 3248 274 3316 quod
301 3248 362 3299 in
389 3247 532 3300 aliis·
558 3246 813 3312 gentibus
851 3260 1037 3298 rarum
1075 3250 1132 3298 et
1156 3245 1307 3297 intra

115 3337 226 3391 iuv.
270 3336 514 3402 spatium
554 3334 637 3400 fit,
690 3333 839 3400 apud
877 3325 1085 3387 Suebos
1133 3348 1306 3400 usque

118 3422 190 3477 ad
231 3423 498 3476 canitiem
533 3421 656 3475 fieri
695 3422 853 3488 solet,
892 3431 953 3475 ut
992 3423 1305 3476 horrentem

122 3509 435 3579 (struppig)
476 3500 736 3585 capillum
778 3516 1150 3574 retorqueant.

195 3601 288 3652 10.
326 3598 442 3650 solo
467 3598 567 3650 hat
592 3612 718 3650 man
746 3596 916 3650 durch
940 3595 1111 3661 calvo,
1155 3595 1306 3648 nudo
1348 3642 1351 3643 γ

118 3686 392 3740 erklaren
416 3684 632 3749 wollen,
670 3685 770 3738 wie
796 3700 856 3738 es
893 3684 1032 3738 auch
1056 3684 1142 3737 bei
1181 3672 1304 3738 Ort-

118 3774 439 3828 lichkeiten
478 3772 652 3840 leer,
691 3771 817 3825 ode
838 3771 1114 3826 bedeuten
1138 3773 1303 3826 kann.

1418 2261 1421 2265 Δ
1485 2191 1569 2247 11.
1625 2198 1689 2245 ut
1744 2198 1923 2245 ament
1967 2198 2280 2245 amentwrve
2334 2186 2455 2260 (wie
2509 2208 2578 2245 zu

1399 2281 1596 2348 Rom),
1651 2295 1728 2333 se
1749 2280 1783 2333 d
1818 2280 1882 2331 in
1919 2279 2064 2346 <zum
2103 2279 2355 2344 Zwecke)
2391 2278 2577 2332 altitu·

1414 2369 1593 2443 dinem
1618 2372 1679 2422 et
1715 2372 1974 2421 terrorem
1995 2408 2007 2421 .
2031 2408 2043 2421 .
2066 2407 2078 2421 .
2097 2367 2364 2434 comptius
2401 2366 2577 2436 (sorg-

1415 2457 1658 2525 faltiger)
1695 2456 1937 2509 hostium
1973 2455 2145 2508 oculis
2182 2455 2319 2523 (dat.
2358 2455 2392 2508 i.
2431 2470 2478 2512 e.
2518 2462 2579 2507 ut

1416 2545 1671 2599 hostibus
1697 2543 1988 2598 altitudine
2026 2552 2295 2603 terrorem
2331 2540 2577 2607 iniciant)

1416 2638 1709 2685 ornantur.
1779 2632 1862 2684 Zu
1898 2631 1963 2684 in
1998 2629 2347 2683 altitudinem
2384 2635 2434 2683 et
2471 2636 2576 2684 ter-

1414 2735 1592 2773 rorem
1635 2720 1743 2786 vgl.
1782 2720 1966 2786 Agric.
2007 2721 2074 2772 35
2122 2718 2235 2771 und
2271 2733 2396 2771 ann.
2433 2717 2505 2784 II,
2544 2721 2578 2771 6

1412 2809 1474 2861 in
1509 2807 1735 2875 speciem
1771 2822 1837 2860 ac
1859 2812 2153 2863 *tem-orem.
2524 2819 2532 2825 ·

1911 2965 1969 3019 C.
2008 2967 2092 3019 39.

1486 3077 1532 3125 1.
1586 3086 1643 3124 se
1680 3087 1748 3124 zu
1806 3070 2105 3136 streichen,
2165 3069 2233 3123 da
2283 3072 2579 3121 memorant

1413 3247 1610 3302 scliern
1647 3263 1719 3299 zu
1754 3245 2063 3299 verstehen.
2148 3300 2154 3306 ,
2258 3297 2265 3304 ,

1482 3333 1770 3388 Semnones
1804 3350 1901 3386 zw.
1939 3333 2079 3386 Elbe
2114 3331 2226 3384 und
2265 3331 2425 3385 Oder.
2581 3385 2586 3390 ,

1483 3428 1535 3479 2.
1571 3426 1717 3475 stato
1755 3428 1989 3490 tempore
2015 3421 2434 3476 unterscheidet
2458 3421 2576 3475 sich

1411 3526 1519 3563 von
1544 3514 1754 3562 statuto
1777 3515 1835 3575 t„
1861 3510 2038 3563 indem
2059 3508 2217 3575 jenes
2248 3509 2335 3564 die
2354 3496 2600 3564 wieder-'

1409 3598 1692 3652 kehrende
1716 3597 2234 3665 („feststehende“),
2279 3598 2459 3652 dieses
2489 3597 2578 3652 die

1413 3702 1518 3738 nur
1553 3686 1641 3738 fur
1679 3686 1881 3745 einmal
1929 3686 2283 3752 festgesetzte
2320 3686 2446 3739 Zeit
2480 3685 2578 3740 be-

1410 3773 1681 3828 zeichnet.
2340 3773 2346 3778 “

1412 3161 1515 3213 wie
1567 3175 1611 3212 c.
1652 3160 1683 3210 3
1736 3157 1846 3210 und
1895 3161 1964 3211 43
2019 3173 2123 3210 von
2162 3155 2578 3211 Altertumsfor-
2659 3150 2666 3159 '

122 3863 272 3915 Eine
337 3860 470 3914 sehr
532 3875 901 3928 gezwungene
959 3859 1301 3927 Auslegung;

121 3946 596 4004 wahrscheinlich
620 3948 710 4025 ‚ist
734 3950 824 4002 ein
851 3947 1102 4001 Glossem
1140 3963 1303 4000 anzu-

44 4090 51 4093 .
122 4038 384 4092 nehmen.

187 4124 515 4193 principes:
544 4123 630 4177 die
655 4121 992 4176 vornehmen
1018 4120 1125 4188 (die
1154 4120 1306 4174 herr-

125 4212 415 4268 schenden
478 4207 901 4275 Geschlechter)
963 4217 1158 4273 tragen
1219 4208 1305 4261 ihr

123 4302 283 4356 Haar
322 4299 471 4355 auch
507 4297 652 4353 noch
688 4296 848 4350 mehr
885 4295 1257 4363 geschmuckt.

1470 3865 1520 3917 3.
1540 3861 1684 3914 silva
1697 3861 1974 3915 entweder
1989 3860 2577 3930 Samana(Thiiringer

1412 3948 1601 4017 Wald)
1621 3950 1755 4003 oder
1776 3948 1874 4003 der
1888 3949 2219 4016 Spreewald,
2238 3950 2294 4002 in
2316 3949 2577 4004 welchem

1414 4035 1511 4088 der
1528 4035 1810 4104 Burgberg
1829 4037 1969 4091 noch
1992 4036 2156 4090 heute
2170 4036 2257 4089 fur
2278 4037 2447 4105 heilig
2457 4039 2577 4106 gilt.

1484 4124 1743 4191 auyuriis
1784 4160 1804 4177 ».
1844 4166 1856 4178 .
1897 4165 1911 4178 .
1951 4139 2169 4177 sacram
2224 4125 2339 4192 (ein
2392 4125 2576 4180 Hexa-

1413 4210 1639 4279 meter):
1682 4210 1850 4281 durch
1889 4212 2091 4279 heilige
2116 4212 2445 4267 Gelu-auehe
2484 4214 2580 4268 der

1415 4296 1589 4351 Vater
1608 4297 1719 4351 und
1742 4298 1859 4353 alte
1877 4300 2105 4355 fromme
2127 4300 2307 4357 Scheu
2324 4302 2583 4369 geweiht.
