2992 4825
2826 4 2914 82 Ἰ

477 240 559 301 80
1399 249 1567 304 Liber
1601 250 1644 304 Ῑ.
1702 249 1835 319 Cap.
1873 254 1961 309 74.

578 399 806 476 postea
850 392 1161 459 celebrem
1190 392 1483 457 miseriae
1526 398 1886 474 temporum
1931 397 1996 457 et
2026 393 2337 460 audaciae
2367 394 2700 460 hominum
2745 392 2894 460 fece-

508 519 542 570 5
577 504 747 564 runt.
838 516 987 563 nam
1033 515 1247 580 egem,
1308 498 1584 580 ignotae,
1642 497 1909 579 inquieS‚
1971 498 2125 563 dnm
2169 499 2433 565 occultis
2488 499 2728 565 libellis
2771 518 2913 570 sae-t

577 604 771 670 vitiae
799 604 1104 687 principis
1134 602 1403 684 adrepit,
1434 620 1581 668 mox
1610 602 1959 669 clarissimo
1991 605 2218 687 cuique
2248 605 2597 687 periculum
2630 604 2895 688 facessit,

576 711 928 794 potentiam
972 710 1145 792 apud
1189 727 1404 788 unum,
1451 708 1666 773 odium
1696 710 1867 790 apud
1911 710 2113 775 omnis
2157 712 2428 793 adeptus
2473 712 2658 777 dedit
2704 730 2901 777 exem-

576 816 768 898 plum,
816 816 987 898 quod
1030 816 1235 881 secuti
1278 833 1357 879 ex
1398 815 1787 898 pauperibus
1832 815 2080 896 divites,
2145 836 2224 883 ex
2268 819 2654 900 contemptis
2704 727 2913 902 metu-¹

576 921 721 987 endi
783 922 1122 1004 perniciem
1181 920 1324 986 aliis
1384 939 1462 987 ac
1521 927 1912 1002 postremum
1976 922 2101 988 sibi
2152 923 2470 989 invenere.
2567 925 2694 989 sed
2743 924 2913 989 Mar-2

474 1051 542 1102 10
577 1027 804 1093 cellum
870 1026 1283 1093 insimulabat
1351 1026 1641 1093 sinistros
1712 1027 1791 1092 de
1857 1026 2111 1094 Tiberio
2178 1046 2503 1095 sermones
2578 1030 2880 1108 habuisse,

573 1133 938 1200 inevitabile
982 1134 1241 1212 crimen,
1307 1151 1451 1198 cum
1497 1151 1578 1197 ex
1621 1133 1903 1198 moribus
1949 1133 2249 1215 principis
2294 1133 2670 1200 foedissima
2718 1152 2885 1216 quae-

573 1258 697 1320 que
765 1237 1078 1320 deligeret
1145 1242 1478 1303 accusator
1546 1237 2025 1319 obiectaretque
2085 1256 2214 1305 reo.

572 1351 775 1424 erant,
823 1346 1018 1410 etiam
1050 1343 1223 1409 dicta
1253 1341 1697 1411 credebantur.
1788 1343 2040 1408 addidit
2068 1343 2266 1425 Hispo
2297 1350 2581 1410 statuam
2616 1345 2883 1411 Marcelli

569 1449 763 1515 altius
807 1467 999 1532 quam
1030 1446 1370 1513 Caesarum
1404 1448 1617 1528 sitam,
1664 1454 1733 1514 et
1777 1448 1906 1514 alia
1949 1449 2018 1514 in
2062 1455 2284 1515 statua
2315 1457 2651 1531 amputato
2699 1452 2885 1534 capite

470 1576 534 1629 15
572 1556 840 1637 Augusti
895 1553 1165 1635 effigiem
1219 1553 1459 1620 Tiberii
1514 1554 1803 1622 inditam.

2324 1256 2472 1330 nam
2533 1240 2692 1322 quia
2760 1259 2885 1305 vera
2910 1275 2913 1306 -;

1917 1556 2001 1620 ad
2055 1556 2226 1637 quod
2286 1558 2523 1622 exarsit
2582 1558 2784 1637 adeo‚·
2822 1565 2913 1622 ut³

568 1669 763 1743 rupta
802 1658 1238 1726 taciturnitate
1267 1658 1702 1741 proclamaret
1745 1677 1816 1725 se
1846 1678 2094 1742 quoque
2138 1661 2206 1725 in
2251 1679 2330 1726 ea
2373 1680 2567 1727 causa
2616 1661 2873 1727 laturum

568 1766 953 1832 sententiam
1004 1765 1215 1847 palam
1282 1770 1348 1830 et
1406 1765 1703 1847 iuratum,
1770 1784 1893 1847 quo
1961 1768 2189 1831 ceteris
2256 1766 2478 1832 eadem
2544 1768 2881 1848 necessitas

566 1872 765 1939 fieret.
836 1872 1181 1937 manebant
1212 1870 1406 1936 etiam
1439 1876 1573 1936 tum
1606 1871 1878 1953 vestigia
1922 1872 2255 1937 morientis
2286 1872 2627 1939 libertatis,
2705 1874 2879 1954 igitur

568 1976 683 2044 Gn.
716 1977 860 2043 Piso
897 1980 1095 2058 „quo“
1131 1976 1342 2057 inquit
1378 1975 1552 2056 „loco
1584 1976 1887 2055 censebi8‚
1921 1973 2205 2041 Caesar?
2249 1978 2304 2042 si
2334 1978 2597 2060 primus,
2645 1978 2875 2044 habebo

459 2106 533 2157 20
570 2084 739 2167 quod
784 2101 1048 2164 sequar:
1108 2082 1163 2146 si
1207 2087 1352 2163 post
1396 2082 1620 2160 omniS‚
1664 2100 1887 2147 vereor
1931 2101 2009 2147 ne
2054 2083 2401 2164 inprudens
2449 2084 2857 2151 dissentiam.“

566 2196 890 2273 permotus
922 2189 1039 2268 hiS,
1086 2193 1451 2269 quantoque
1478 2188 1794 2253 incautius
1826 2184 2175 2270 effervent,
2221 2190 2612 2271 paenitentia
2638 2190 2861 2272 patiens

529 2512 581 2564 5.
617 2506 832 2575 inquies
867 2505 936 2560 K.
973 2507 1058 2559 65.

527 2618 577 2669 6.
614 2613 875 2681 adv-spere
909 2627 955 2666 c.
982 2612 1090 2666 dat.
1129 2628 1236 2666 nur
1260 2610 1403 2665 noch
1426 2610 1615 2679 111250

454 2703 672 2758 animis.
721 2701 820 2756 Bei
856 2700 965 2757 Cic.
1003 2699 1079 2753 ad
1113 2698 1427 2753 amicitiam.
1484 2695 1614 2752 Sae-

453 2792 622 2847 vitiae
657 2787 941 2858 principis
987 2786 1204 2855 adv-epit
1239 2811 1310 2831 =
1360 2787 1416 2840 in
1462 2787 1615 2841 saevi

453 2879 719 2948 principis
755 2876 989 2944 gratiam
1027 2892 1087 2930 se
1125 2876 1433 2930 insinuavit.

523 2987 575 3039 8.
622 3000 692 3037 ex
735 2998 837 3036 zur
882 2982 1269 3050 Bezeicbnung
1325 2981 1424 3037 der
1472 2981 1612 3035 Ent-

452 3071 756 3138 wickelung
768 3086 867 3125 aus
886 3071 1062 3125 einem
1074 3069 1301 3124 fruhern
1310 3070 1525 3125 Zustan
1530 3069 1612 3125 de.

522 3180 575 3233 9.
609 3176 705 3231 sed
751 3175 909 3230 leitet
959 3174 1059 3230 auf
1099 3174 1184 3230 die
1228 3175 1349 3230 hier
1395 3193 1467 3230 zu
1518 3175 1610 3230 be·

452 3264 735 3321 richtende
771 3262 1087 3318 Thatsacbe
1124 3263 1350 3318 zuriick.

524 3374 607 3425 10.
651 3370 938 3423 sim‘stros:
988 3371 1442 3439 ungnnstige;
1502 3370 1611 3440 vgl.

449 3458 546 3525 VI,
584 3460 654 3511 32
688 3457 920 3511 sinistra
949 3458 1120 3524 fama.

526 3567 606 3617 11.
642 3563 844 3615 crimen
888 3562 1221 3632 Apposition
1274 3580 1344 3618 zu
1378 3563 1612 3618 insimu-

449 3651 600 3706 labat
609 3670 630 3718 ,-
664 3651 773 3720 vgl.
810 3650 880 3708 Κ.
914 3654 1002 3707 27.

521 3759 605 3812 13.
642 3756 793 3809 dicta
829 3771 907 3811 sc.
943 3771 1084 3811 esse.

520 3865 602 3916 14.
640 3862 806 3916 sitam
840 3886 911 3906 =
947 3863 1203 3931 positam,
1251 3863 1351 3917 wie
1402 3862 1473 3916 K.
1521 3866 1609 3921 39.

518 3970 603 4022 15.
640 3965 871 4035 effiyiem
904 3966 1140 4021 ander-er
1178 3968 1477 4022 Ausdruck
1512 3967 1607 4022 fur

446 4059 632 4123 caput.
704 4055 807 4109 Die
831 4052 1255 4124 Umgestaltung
1291 4055 1389 4110 der
1413 4056 1605 4111 Statue

444 4159 559 4197 war
607 4142 875 4196 zunacbst
928 4144 1048 4197 eine
1098 4142 1454 4211 Beleidigung
1508 4144 1604 4199 des

443 4230 750 4307 Augustus,
774 4230 1026 4285 erschien
1050 4230 1184 4285 aber
1203 4232 1349 4285 auch
1372 4231 1604 4287 deshalb

447 4317 726 4383 strafbar‚
802 4317 928 4371 weil
1000 4317 1086 4372 die
1161 4316 1434 4373 Bildnisse
1505 4319 1605 4373 der

2911 2305 2913 2392 1

1722 2505 1921 2561 Kaiser
2013 2506 2325 2575 uberhaupt
2419 2522 2520 2560 vor
2590 2506 2859 2563 Bescbsdi·

1720 2609 1937 2663 gangen
1974 2594 2255 2663 gesichert
2290 2594 2509 2650 werden
2559 2595 2776 2650 sollten.
2806 2623 2855 2633 —

1718 2680 1928 2734 exarsit
1962 2681 2237 2739 Tiberius.

1792 2788 1876 2840 16.
1909 2802 2157 2855 rumpere
2180 2786 2637 2855 taciturnitatem,
2671 2790 2762 2844 wie
2781 2788 2845 2842 bei

1719 2872 1984 2930 Dichter-n
2022 2874 2105 2931 oft
2140 2891 2186 2929 r.
2220 2875 2516 2930 silentium.
2908 2870 2909 2877 '

1795 2983 1877 3037 17.
1920 2978 2130 3047 palam,
2185 2980 2549 3036 mundlich
2607 2983 2839 3036 stimmten

1717 3067 1774 3121 in
1811 3067 1909 3122 der
1933 3066 2108 3135 Regel
2134 3085 2241 3122 nur
2269 3068 2354 3123 die
2378 3075 2563 3124 zuerst
2591 3069 2855 3136 befragten,
2904 3108 2907 3125 1

1720 3153 2040 3224 Senatoren²
2097 3156 2236 3211 iiber
2281 3155 2449 3211 deren
2497 3156 2857 3213 abweiehende·

1719 3243 2056 3312 Meinungen
2111 3244 2257 3298 dann
2313 3243 2399 3299 die
2449 3245 2706 3300 discessio
2754 3250 2850 3300 ent-

1720 3331 1925 3388 schied.
1952 3361 2019 3371 —
2051 3331 2300 3386 iuratum
2324 3332 2414 3387 bei
2438 3334 2727 3404 wichtigen
2741 3333 2849 3387 Ver-

1719 3420 2076 3489 handlungen
2123 3420 2424 3475 besonders
2468 3438 2573 3476 zur
2609 3419 2851 3477 Bekrafti·
2902 3448 2903 3473 ι

1719 3524 1884 3577 gung,
1945 3507 2066 3562 dass
2128 3507 2215 3562 die
2281 3507 2663 3578 Abstimmung
2718 3507 2859 3563 nicht
2902 3494 2903 3519 ³

1721 3595 1897 3651 durch
1932 3595 2276 3665 personliche
2313 3595 2659 3666 Verletzung
2694 3596 2851 3651 beein·

1715 3682 1872 3739 fiusst
1909 3684 2105 3739 werde.
2142 3714 2211 3724 —
2258 3700 2367 3754 quo
2404 3725 2419 3740 .
2445 3725 2460 3740 .
2492 3685 2644 3752 fieret
2679 3685 2853 3754 Folge·

1716 3780 1853 3828 sat-7..

1787 3863 1869 3916 18.
1893 3860 2215 3915 manebant.-
2236 3861 2447 3930 ,hatten
2465 3861 2585 3917 sich
2604 3860 2861 3926 erhalten,.

1713 3947 2054 4004 bestanden‘.
2129 3949 2202 4003 So
2263 3949 2410 4005 efter
2468 3950 2569 4004 mit
2626 3945 2845 4018 vestiqia,

1711 4037 1813 4091 wie
1848 4036 1969 4105 XV,
2006 4039 2072 4092 41
2114 4037 2227 4092 und
2261 4038 2389 4092 hist.
2429 4037 2498 4105 V,
2539 4041 2588 4095 7.

1781 4146 1870 4197 21.
1911 4143 2259 4210 paenitentia
2294 4167 2366 4189 ==
2402 4159 2528 4198 cum
2563 4142 2840 4213 paeniteret

1712 4245 1835 4285 eum
1884 4230 2138 4287 incautae
2192 4232 2328 4287 irae.
2376 4260 2447 4271 —
2500 4231 2718 4299 patiens
2762 4226 2851 4281 der

1712 4317 1922 4372 Positiv
1958 4318 2104 4372 ohne
2137 4322 2329 4385 tant03
2365 4318 2474 4387 vgl.
2513 4318 2581 4373 Κ.
2615 4321 2666 4371 2.
