2992 4825
420 198 501 260 62
807 295 816 306 ⁸
1339 211 1508 266 Liber
1543 210 1584 265 Ι.
1646 210 1777 281 Cap.
1814 214 1900 268 57.

521 350 732 417 fuerat
776 354 1025 419 animus
1070 351 1407 420 Cheruscis
1452 354 1675 419 iuvare
1718 351 2002 433 ChattoS‚
2068 354 2181 420 sed
2224 356 2527 420 exterruit
2573 352 2858 420 Caecina

522 458 645 523 huc
696 459 845 524 illuc
909 458 1120 525 ferens
1183 476 1393 537 arma3
1463 464 1530 523 et
1590 458 1838 525 Marsos
1907 459 2208 543 congredi
2276 478 2465 526 ausos
2536 477 2854 543 prospero

417 581 488 633 20
523 563 758 647 proelio
807 564 1105 632 cohibuit.

701 675 804 738 57.
853 671 1072 752 Neque
1118 669 1317 736 multo
1363 676 1511 752 post
1554 670 1748 751 legati
1791 689 1832 736 a
1877 671 2140 753 Segeste
2183 679 2493 738 venerunt
2540 672 2857 738 auxilium

523 782 780 843 orantes
827 776 1132 852 adversus
1161 776 1287 841 vim
1319 775 1734 859 popularium,
1784 795 1823 841 a
1864 778 2003 858 quis
2043 777 2651 858 circumsedebatur‚
2701 778 2857 843 vali·

523 882 701 947 diore
745 882 915 963 apud
957 900 1069 947 eos
1114 881 1415 962 Arminio,
1477 882 1775 965 quoniam
1818 881 2054 947 bellum
2100 883 2440 949 suadebat:
2503 901 2660 947 nam
2708 884 2856 949 bar-

520 986 712 1067 bariS‚
758 994 997 1069 quanto
1028 987 1168 1069 quis
1199 988 1467 1053 audacia
1497 993 1847 1071 promptus,
1891 993 2074 1053 tanto
2107 990 2310 1072 magis
2338 988 2500 1054 fidus
2533 992 2850 1072 rebusque

452 1111 484 1161 5
523 1094 708 1159 motis
757 1095 965 1178 potior
995 1093 1286 1160 habetur.
1378 1093 1713 1159 addiderat
1743 1093 2036 1175 Segestes
2065 1094 2294 1176 legatis
2323 1093 2542 1175 filium,
2589 1097 2846 1161 nomine

522 1199 1005 1283 Segimundum:
1053 1200 1167 1266 sed
1194 1200 1439 1266 iuvenis
1472 1201 1855 1266 conscientia
1885 1201 2324 1266 cunctabatur.
2415 1202 2660 1283 quippe
2691 1220 2850 1266 anno

521 1324 644 1388 quo
675 1306 1053 1372 Germaniae
1100 1305 1422 1372 descivere
1468 1306 1768 1373 sacerdos
1814 1307 1985 1389 apud
2032 1325 2211 1371 aram
2241 1306 2546 1372 Ubiorum
2594 1313 2850 1372 creatus

520 1418 782 1495 ruperat
823 1413 1036 1491 vittas,
1083 1410 1388 1495 profugus
1432 1412 1517 1477 ad
1561 1411 1848 1479 rebelles.
1942 1412 2255 1478 adductus
2300 1417 2514 1478 tamen
2560 1413 2630 1476 in
2682 1429 2850 1494 spem

521 1518 891 1584 clementiae
922 1517 1243 1583 Romanae
1270 1518 1536 1602 pertulit
1564 1519 1763 1600 patris
1796 1516 2098 1583 mandata
2127 1519 2518 1600 benigneque
2548 1521 2850 1600 exceptus

421 1640 486 1691 10
521 1642 664 1691 cum
710 1623 1027 1705 praesidio
1067 1620 1376 1689 Gallicam
1423 1624 1489 1688 in
1534 1624 1741 1707 ripam
1787 1624 2016 1688 missus
2062 1629 2181 1690 est.
2277 1622 2662 1688 Germanico
2712 1642 2849 1706 pre-

522 1731 676 1796 tium
737 1728 859 1794 fuit
925 1735 1294 1794 convertere
1353 1747 1612 1811 -agmen,
1682 1734 2160 1811 pugnatumque
2215 1729 2280 1794 in
2343 1727 2722 1807 obsidentiS,
2789 1734 2850 1793 et

521 1839 777 1917 ereptus
810 1833 1101 1914 Segestes
1147 1853 1380 1916 magna
1429 1852 1571 1899 cum
1616 1835 2111 1927 propinquorum
2158 1838 2223 1899 et
2268 1833 2589 1899 clientium
2639 1852 2850 1898 manu.

519 1941 767 2006 inerant
812 1939 1082 2006 feminae
1124 1940 1386 2020 nobiles,
1435 1942 1602 2006 inter
1647 1958 1803 2023 quas
1849 1959 2006 2006 uxor
2036 1940 2302 2006 Arminii
2346 1940 2702 2021 eademque
2730 1937 2852 2004 filia

521 2045 821 2128 Segesti8‚
882 2046 1101 2132 mariti
1143 2047 1346 2128 magis
1408 2064 1599 2128 quam
1660 2048 1943 2128 parentis
1991 2046 2219 2125 animo,
2283 2062 2489 2126 neque
2533 2046 2751 2110 evicta
2791 2045 2849 2109 in

418 2166 482 2219 15
518 2151 813 2217 lacrimas
858 2168 1065 2232 neque
1109 2170 1258 2217 voce
1305 2152 1589 2236 supplex,
1651 2152 2029 2234 compressis
2073 2152 2245 2217 intra
2299 2152 2507 2215 sinum
2555 2149 2843 2216 manibus

523 2257 856 2339 gravidum
889 2262 1136 2322 uterum
1169 2257 1443 2324 intuens.
1532 2256 1903 2323 ferebantur
1950 2261 2015 2322 et
2044 2255 2246 2340 spolia
2284 2256 2601 2322 Varianae
2633 2255 2839 2333 cladis

487 2524 572 2577 18.
606 2522 793 2588 fuerat
817 2522 1038 2575 animus
1073 2538 1118 2577 c.
1144 2522 1261 2589 inf„
1286 2524 1388 2578 wie
1412 2527 1576 2577 unten

409 2611 646 2679 pretium
684 2610 798 2677 fuit
811 2630 830 2676 ‚-
886 2610 995 2678 vgl.
1033 2610 1157 2666 hist.
1196 2612 1296 2677 111,
1332 2616 1402 2666 22
1440 2625 1577 2678 pro·

412 2714 570 2753 ruere
591 2699 739 2753 ratio
767 2699 894 2766 fuit.
919 2729 988 2738 -
1017 2699 1276 2753 Cherusci
1299 2699 1388 2753 die
1414 2698 1578 2753 nord·

417 2788 600 2842 lichen
634 2787 930 2842 Nachbarn
968 2787 1067 2842 der
1104 2787 1355 2843 Chatten.

495 2878 576 2931 19.
612 2876 715 2929 huc
749 2875 880 2928 illuc
914 2876 971 2929 in
1009 2875 1113 2931 den
1150 2875 1428 2930 Historien
1466 2874 1580 2929 und

420 2965 673 3020 Annalen
697 2962 1038 3033 gewohnlich
1059 2960 1438 3032 asyndetisch3
1476 2977 1579 3016 nur

418 3055 543 3109 hist.
580 3054 625 3120 1,
650 3055 719 3107 85
757 3052 862 3105 huc
897 3057 1061 3119 atque
1094 3051 1239 3105 alluo.
1268 3079 1333 3089 -—
1371 3049 1575 3116 Marsi,

421 3142 585 3197 deren
641 3139 837 3197 Gebiet
881 3155 953 3193 an
1002 3138 1099 3194 der
1149 3139 1325 3207 Lippe
1376 3138 1579 3194 Cacina

419 3229 710 3297 durchzog.

488 3318 582 3389 57,
618 3320 667 3371 4.
742 3321 950 3386 quanto
1004 3316 1127 3384 quis
1179 3358 1195 3374 .
1225 3356 1239 3370 .
1284 3318 1579 3382 promptus

416 3406 522 3474 vgl.
559 3406 627 3459 K.
663 3409 713 3460 2.
754 3408 818 3443 -'-
866 3403 1025 3457 rebus
1059 3403 1244 3458 motis.-
1294 3402 1382 3458 bei
1429 3401 1579 3456 krie-

417 3492 707 3562 gerischen
753 3491 1072 3559 Regungen‚
1126 3507 1208 3546 wo
1255 3506 1380 3545 man
1426 3490 1577 3544 eines

418 3580 873 3637 entschlossenen
908 3579 1153 3633 Fsshrers
1190 3577 1400 3633 bedarf.

489 3671 538 3724 6.
576 3666 912 3721 conscientia
946 3666 1013 3721 Κ.
1052 3668 1139 3722 39.

488 3761 540 3813 7.
580 3754 913 3810 Germaniae
950 3755 1047 3809 der
1070 3752 1279 3818 Plural,
1317 3753 1419 3807 wie
1444 3755 1577 3821 Agr.

420 3847 506 3914 15,
553 3859 743 3912 wegen
789 3841 885 3897 der
929 3842 1128 3911 vielen‚
1174 3857 1281 3896 von
1317 3840 1578 3896 einander

417 3932 832 4000 unabhangigen
867 3930 1132 3985 civitates.

493 4024 574 4075 10.
634 4018 951 4087 praesidio.-
1025 4017 1205 4074 Geleit
1274 4016 1578 4073 romischer

418 4108 697 4164 Soldaten.
735 4138 796 4147 -
842 4106 1124 4174 Gallicam,
1173 4106 1295 4161 weil
1333 4105 1420 4161 die
1455 4121 1576 4174 ger-

417 4196 733 4252 manischen
744 4193 1349 4263 Verwaltungsbezirke
1366 4192 1468 4248 auf
1477 4191 1578 4248 der

416 4283 603 4339 linken
628 4283 949 4358 Rheinseite
983 4298 1085 4336 zur
1120 4281 1418 4350 gallischen
1443 4280 1577 4335 Pro·

1681 2520 1800 2575 vinz
1854 2520 2156 2589 gerechnet
2212 2519 2430 2575 wurden
2488 2519 2586 2588 (K.
2624 2519 2742 2588 31).
2786 2546 2840 2558 —

1675 2608 1920 2688 pretium
1942 2608 2052 2675 fuit
2086 2609 2177 2663 bei
2203 2609 2268 2665 T.
2297 2608 2438 2663 oster
2463 2607 2613 2662 ohne
2640 2622 2842 2676 operae.

1760 2700 1840 2754 13.
1876 2696 2099 2750 inerant
2122 2737 2137 2751 .
2164 2738 2176 2751 .
2209 2696 2534 2763 ferebantur
2572 2696 2748 2750 leiten
2769 2695 2840 2749 die

1683 2785 1963 2849 einzelnen
1989 2783 2141 2839 Teile
2167 2784 2263 2839 der
2286 2784 2399 2838 sich
2425 2784 2832 2838 ausbreitenden

1685 2872 2053 2942 Schilderung
2106 2873 2211 2930 ein.
2267 2900 2332 2910 -
2386 2886 2534 2925 uxor
2588 2869 2820 2934 Arme-0³03

1686 2962 1851 3018 deren
1880 2962 2053 3016 Name
2090 2961 2256 3029 (nach
2278 2959 2503 3028 Strabo)
2528 2956 2827 3015 Thusnelln

1683 3066 1819 3115 war3
1875 3050 1974 3105 der
2008 3066 2112 3105 von
2158 3050 2248 3103 ihr
2292 3049 2349 3103 in
2405 3048 2503 3103 der
2542 3048 2838 3116 Gesangen·

1684 3139 1870 3196 schaft
1886 3140 2123 3207 geborne
2143 3138 2294 3197 Sohn
2317 3138 2462 3193 hiel's
2481 3136 2845 3192 Thumelicus.

1757 3230 1839 3281 14.
1874 3227 2067 3297 mariti
2090 3267 2105 3281 .
2124 3267 2138 3281 .
2176 3226 2378 3293 animo,
2416 3224 2517 3280 der
2543 3225 2691 3280 Gen.
2721 3230 2848 3280 statt

1684 3314 1781 3369 des
1834 3315 1979 3369 beim
2030 3314 2158 3369 Abl.
2215 3313 2363 3383 qual.
2417 3312 2846 3368 erforderlicben

1684 3402 1999 3471 Adjektivs3
2038 3403 2146 3472 vgl.
2173 3403 2297 3457 hist.
2321 3402 2388 3467 V,
2413 3404 2447 3456 6
2483 3401 2645 3454 lacus
2685 3398 2848 3469 specie

1682 3490 1871 3545 maria.
1930 3518 1998 3530 —
2059 3490 2263 3545 evictus
2317 3505 2421 3543 von
2479 3488 2661 3543 einem
2723 3487 2847 3542 alles

1685 3576 1956 3632 Strauben
2027 3576 2534 3646 fiberwaltigenden
2599 3575 2848 3640 Gefuhla

1682 3667 1783 3721 wie
1821 3665 1950 3721 hist.
1975 3666 2046 3735 11,
2064 3668 2134 3719 64
2169 3665 2233 3718 in
2266 3663 2530 3733 gaudium
2569 3663 2770 3717 evicta.
2793 3691 2841 3700 -

1681 3752 1745 3806 im
1779 3753 2037 3807 lacrimas
2070 3752 2179 3821 vgl.
2214 3751 2282 3810 Κ.
2322 3756 2385 3805 11
2423 3751 2486 3803 in
2521 3749 2810 3804 incer-han.

1759 3843 1839 3895 15.
1875 3856 2047 3908 neque
2068 3854 2192 3894 voce
2220 3838 2483 3907 supplem.-
2522 3838 2690 3905 ‚noch
2715 3837 2849 3893 auch

1683 3943 1786 3983 nur
1835 3928 1942 3985 den
1992 3928 2139 3982 Laut
2187 3928 2339 3982 einer
2385 3927 2536 3981 Bitte
2586 3943 2698 3982 von
2738 3925 2850 3982 sich

1681 4015 1927 4085 gebend‘.
1967 4045 2033 4054 —-
2056 4014 2244 4069 sinus.-
2280 4015 2368 4069 die
2392 4014 2735 4084 Bauschung
2760 4014 2848 4068 des

1682 4103 1926 4170 Kleide8‚
1961 4101 2169 4158 welche
2206 4102 2386 4167 durch¹
2413 4102 2519 4156 den
2555 4100 2845 4158 unterhalb

1684 4191 1781 4246 der
1819 4191 1983 4246 Brust
2010 4190 2361 4259 umgelegten
2388 4188 2583 4244 Gurtel
2620 4189 2845 4244 bewirkt

1684 4278 1893 4335 wurde.
2255 4305 2259 4309 ·
