2992 4825
1072 262 1237 316 Liber
1272 262 1314 315 1.
1377 261 1508 329 Cap.
1546 264 1631 315 42.
2476 246 2559 307 47

132 402 280 468 inde
348 407 420 467 et
477 402 798 470 miseratio
855 406 920 468 et
981 405 1185 487 patris
1232 403 1571 488 Agrippae,
1637 403 1912 487 Augusti
1967 404 2072 469 avi
2131 403 2453 482 memoria,

132 525 318 572 socer
352 507 618 589 DrusuS,
665 509 804 591 ipsa
848 510 1082 593 insigni
1124 508 1533 592 fecunditate,
1578 510 1906 592 praeclara
1950 509 2284 592 pudicitia3
2330 510 2456 574 iam

131 611 342 678 infans
392 615 457 679 in
486 615 716 680 castris
743 616 1009 697 genituS,
1059 616 1125 681 in
1156 616 1565 682 contubernio
1594 616 1911 699 legionum
1943 616 2226 697 eductus,
2270 633 2456 697 quem

132 719 400 785 militari
456 720 764 787 vocabulo
827 720 1182 804 Caligulam
1252 721 1684 804 appellabant,
1748 723 1898 804 quia
1948 721 2318 804 plerumque
2374 721 2456 785 ad
2497 740 2563 791 1o

133 825 533 891 concilianda
592 827 766 909 vulgi
826 827 1043 893 studia
1101 846 1176 893 eo
1222 827 1501 910 tegmine
1558 828 1794 910 pedum
1854 827 2255 895 induebatur.
2341 828 2458 893 sed

134 930 282 996 nihil
341 951 548 1014 aeque
603 931 779 999 flexit
834 952 1022 1015 quam
1075 933 1314 1000 invidia
1373 935 1437 1000 in
1481 934 1818 1002 Treveros:
1880 938 2069 1001 orant
2123 934 2455 1014 obsistunt,

133 1037 373 1103 rediret
421 1043 729 1120 maneret,
776 1058 927 1121 pars
973 1040 1364 1123 Agrippinae
1408 1045 1828 1121 occursanteS,
1875 1039 2130 1123 plurimi
2174 1040 2256 1105 ad
2300 1039 2457 1106 Ger-

133 1144 449 1208 manicum
494 1145 788 1226 regressi.
880 1145 1062 1228 isque
1118 1151 1192 1212 ut
1252 1150 1393 1212 erat
1452 1165 1675 1213 recens
1739 1146 1957 1213 dolore
2001 1151 2068 1213 et
2109 1147 2222 1228 ira,
2285 1145 2459 1230 apud

133 1248 540 1315 circumfusos
584 1250 676 1316 ita
721 1251 942 1333 coepit.

2498 1271 2561 1322 15

304 1361 419 1423 42.
471 1355 649 1436 „Non
679 1356 836 1422 mihi
883 1375 1040 1423 uxor
1084 1363 1198 1424 aut
1225 1356 1392 1424 filius
1422 1362 1608 1441 patre
1654 1362 1721 1424 et
1762 1377 1833 1424 re
1878 1357 2136 1441 publica
2178 1358 2456 1424 cariores

136 1465 296 1542 sunt,
347 1463 467 1528 sed
495 1462 673 1528 illum
704 1464 960 1545 quidem
989 1482 1107 1529 sua
1136 1465 1458 1545 maiestaS,
1506 1465 1839 1547 imperium
1867 1463 2217 1530 Romanum
2262 1464 2460 1529 ceteri

140 1569 453 1634 exercitus
485 1567 845 1636 defendent.
936 1571 1270 1652 coniugem
1303 1575 1369 1636 et
1412 1569 1649 1636 liberos
1679 1587 1875 1650 meoS,
1921 1588 2080 1653 quos
2109 1587 2225 1652 pro
2257 1568 2458 1650 gloria

138 1678 347 1739 vestra
408 1674 610 1741 libens
670 1675 755 1741 ad
810 1677 1069 1742 exitium
1128 1675 1436 1758 offerrem,
1505 1695 1673 1741 nunc
1729 1677 1952 1759 procul
2015 1696 2055 1743 a
2099 1675 2457 1748 furentibus

137 1797 520 1861 summoveo,
580 1786 653 1847 ut
713 1782 1019 1865 quidquid
1078 1784 1250 1849 istud
1306 1782 1564 1849 sceleris
1626 1782 1930 1864 imminet,
1996 1800 2136 1849 meo
2203 1785 2456 1847 tantum
2492 1803 2525 1854 5

138 1887 441 1969 sanguine
511 1888 751 1969 pietur,
822 1908 982 1955 neve
1050 1890 1296 1956 occisus
1362 1889 1636 1972 Augusti
1704 1906 2046 1972 pronepoS,
2116 1888 2457 1956 interfecta

142 1991 368 2058 Tiberii
422 2012 620 2060 nurus
665 1996 1065 2061 nocentiores
1108 2014 1219 2062 vos
1264 1994 1520 2063 faciant.
1581 1996 1734 2077 quid
1778 1995 1949 2061 enim
2003 2014 2116 2079 per
2160 1995 2274 2062 hos
2322 1996 2457 2063 dies

151 2097 427 2164 inausum
473 2100 1002 2168 intemeratumve
1045 2103 1273 2169 vobis‘?
1316 2103 1486 2184 quod
1531 2119 1758 2167 nomen
1803 2101 1947 2168 huic
1993 2103 2202 2169 coetui
2245 2102 2457 2169 dabo?

144 2204 451 2271 militesne
479 2206 808 2289 appellem,
858 2209 967 2290 qui
1011 2207 1208 2275 filium
1252 2208 1655 2291 imperatoris
1700 2208 1897 2273 vestri
1940 2208 2107 2274 vallo
2154 2213 2220 2274 et
2263 2210 2456 2276 armis

63 2559 66 2564 μ
141 2501 210 2539 zu
263 2490 510 2542 externae
558 2487 691 2554 fidei
753 2489 1085 2558 hinzufugen
1137 2489 1294 2544 tradi

140 2573 271 2629 oder
302 2577 573 2636 committi.

207 2668 256 2719 7.
290 2666 567 2734 memoria,
589 2681 740 2720 socer
758 2666 1020 2722 Wechsel
1040 2666 1139 2720 der
1165 2666 1293 2720 sub-

144 2751 381 2818 ,iektiven
427 2753 540 2808 und
592 2755 910 2824 obJektiven
945 2754 1293 2810 Ausdrucks-

63 2879 65 2888 ,
146 2842 307 2897 weise.

203 2933 250 2988 8.
284 2930 626 2996 fecunditate
659 2931 769 3002 vgl.
805 2935 876 2988 33
902 2932 1092 3001 plures
1125 2949 1194 2988 ex
1228 2949 1293 2988 ea

140 3015 342 3077 labero-3.

201 3111 250 3161 9.
297 3107 364 3162 im
398 3109 600 3162 castris
632 3109 849 3178 yenitue
894 3110 1064 3178 irrige
1099 3111 1290 3166 Tradi-

137 3196 266 3263 tion,
306 3196 378 3251 da
416 3196 513 3252 der
533 3196 733 3252 Knabe
769 3198 911 3251 nach
935 3198 1082 3253 Suet.
1118 3199 1234 3258 Cal.
1255 3203 1290 3254 8

135 3301 196 3338 zu
213 3285 447 3339 Antium
470 3285 711 3352 geboren
730 3285 936 3341 wurde.
961 3316 1030 3326 —
1067 3285 1293 3342 eductus

133 3371 197 3428 Κ.
234 3376 286 3428 4.

202 3465 286 3516 11.
332 3461 512 3530 vulqi:
561 3462 648 3517 die
683 3463 970 3531 gemeinen
1009 3463 1292 3534 Soldaten,

134 3549 299 3604 deren
336 3549 800 3618 Futsbedeckung
833 3551 1014 3620 caliya
1048 3559 1292 3621 genannt

133 3637 330 3693 wurde.

200 3731 284 3782 12.
339 3741 503 3794 quam
550 3727 641 3781 bei
689 3727 819 3782 Tac.
869 3727 927 3781 in
978 3727 1072 3783 der
1118 3728 1290 3797 Regel

131 3815 273 3869 nach
311 3830 482 3883 aeque
525 3815 626 3870 mit
660 3815 818 3871 einer
853 3817 1144 3885 Negation,
1189 3819 1291 3875 wie

130 3904 201 3974 H,
238 3906 308 3958 52
350 3904 495 3958 nihil
541 3920 712 3972 aeque
762 3906 1058 3960 cavebatur
1092 3921 1260 3973 quam
1269 3925 1291 3974 ‚-

132 3992 221 4061 IV,
259 3996 328 4048 49
373 3993 514 4047 nihil
549 4009 718 4061 aeque
774 4010 940 4061 quam
988 3993 1112 4048 sitis
1156 3994 1290 4061 fati-

131 4081 325 4148 qabat5
384 4081 533 4147 XIV,
582 4084 682 4150 383
745 4081 875 4136 hist.
924 4083 996 4151 II,
1046 4086 1138 4146 10;
1195 4084 1288 4147 84;

134 4169 222 4237 IV,
241 4171 332 4233 35;
364 4172 463 4235 543
498 4186 603 4223 nur
626 4170 925 4239 hist.IV,5
960 4170 1100 4224 nihil
1121 4164 1291 4238 aeque

134 4272 196 4311 ae
230 4257 372 4312 nach
395 4256 755 4313 klassischem
779 4257 1288 4327 Sprachgebrauch.

136 4373 194 4384 -
233 4350 401 4401 orant
435 4345 573 4401 wird
597 4345 771 4401 durch
805 4345 1010 4400 rediret
1031 4351 1287 4414 maneret,

1400 2488 1673 2544 obsistunt
1695 2487 1869 2544 durch
1883 2505 2027 2558 pars
2051 2531 2065 2544 .
2086 2530 2099 2544 .
2122 2490 2352 2559 reyressi
2387 2490 2561 2545 naher

1400 2577 1632 2632 erklart.

1474 2669 1556 2721 14.
1608 2681 1791 2720 recens
1840 2683 1888 2724 c.
1923 2666 2035 2723 abl.
2083 2666 2401 2722 bezeichnet
2454 2665 2560 2721 den

1402 2756 1579 2810 durch
1639 2756 1760 2810 eine
1820 2754 1995 2810 Sache
2053 2755 2358 2811 bewirkten
2416 2754 2558 2809 noch

1401 2844 1647 2900 frischen
1672 2842 1976 2899 Eindruck.
2048 2844 2154 2899 Die
2177 2860 2314 2911 gew.
2337 2843 2560 2897 Konstr.

1397 2939 1547 2988 ware
1594 2932 1801 2987 recenti
1842 2932 2041 2991 dolore.
2112 2932 2331 2988 Anders
2376 2933 2475 3001 III,
2531 2934 2557 2985 1

1396 3027 1629 3077 recentes
1662 3021 1726 3075 in
1761 3020 1962 3077 dolore.

1472 3113 1553 3164 15.
1588 3109 1763 3178 coepit
1780 3109 2022 3178 absolut,
2041 3109 2185 3164 ohne
2198 3108 2391 3176 dicere,
2416 3108 2560 3164 auch

1397 3199 1471 3268 11,
1509 3202 1606 3262 373
1643 3198 1772 3252 hist.
1810 3199 1851 3266 I,
1888 3200 1992 3262 363
2026 3197 2095 3264 V,
2131 3199 2219 3251 26.

1467 3286 1564 3357 42,
1601 3289 1653 3344 3.
1706 3285 1902 3339 liberos
1945 3286 2001 3339 in
2050 3282 2412 3352 Verbindung
2459 3284 2561 3338 mit

1396 3390 1695 3430 summoveo
1720 3374 1851 3442 geht
1874 3390 1980 3428 nur
2004 3371 2102 3428 auf
2116 3371 2390 3442 Caligula;
2418 3372 2560 3427 denn

1398 3463 1486 3518 die
1511 3462 1706 3518 beiden
1730 3462 1943 3518 andern
1970 3462 2172 3530 Solane,
2208 3463 2422 3517 Drusus
2446 3461 2560 3516 und

1397 3554 1565 3621 Nero,
1601 3568 1782 3606 waren
1816 3551 1874 3606 in
1910 3551 2069 3610 Rom.
2140 3551 2255 3606 Der
2289 3550 2561 3619 generali-

1398 3639 1653 3696 sierende
1689 3638 1879 3695 Plural
1928 3639 2076 3694 dient
2123 3655 2224 3693 zur
2257 3638 2559 3694 Verschar-

1395 3728 1531 3798 fung
1570 3744 1674 3783 von
1711 3743 1847 3796 quos
1884 3770 1898 3785 .
1923 3768 1938 3782 .
1977 3727 2243 3794 offerrem.

1467 3821 1519 3875 6.
1571 3816 1733 3884 piari
1791 3816 1914 3870 hier
1967 3815 2025 3869 in
2087 3814 2183 3871 der
2236 3815 2559 3885 Bedeutung

1398 3905 1873 3973 ausgeloscht
1932 3903 2240 3972 werden,
2313 3920 2376 3960 so
2438 3905 2558 3961 dass

1397 4009 1459 4049 er
1513 3993 1669 4048 nicht
1725 3994 1913 4049 weiter
1963 3997 2155 4061 wfitet,
2207 3990 2352 4048 also:
2404 3993 2558 4047 sich

1398 4099 1424 4137 s
1437 4081 1551 4136 till
1565 4097 1595 4136 e
1608 4098 1662 4136 n.

1466 4174 1516 4224 9.
1565 4169 1740 4235 filium
1782 4169 2130 4237 imperatoris
2183 4168 2557 4225 nachdrucks-

1393 4258 1537 4313 volle
1574 4257 2016 4324 Umschreibung
2050 4256 2140 4311 fur
2173 4272 2272 4315 me.
2310 4285 2378 4298 -
2412 4258 2560 4312 vallo

1395 4350 1447 4400 et
1499 4345 1673 4400 armis
1733 4344 2154 4400 circumsedistie
2208 4345 2315 4415 vgl.
2369 4346 2439 4402 K.
2488 4347 2556 4402 35
