2992 4825
1051 256 1217 312 Liber
1255 259 1297 312 1.
1356 257 1487 327 Cap.
1528 260 1579 312 9.
2440 242 2517 303 15

103 400 497 482 mirantibus
553 401 724 482 quod
768 401 935 466 idem
982 401 1115 466 dies
1178 400 1425 483 accepti
1468 400 1787 482 quondam
1831 400 2080 481 imperii
2122 400 2416 483 princeps

103 511 162 571 et
205 505 383 571 vitae
440 524 788 589 supremuS,
854 507 1022 589 quod
1065 505 1266 573 Nolae
1326 507 1394 571 in
1448 508 1635 573 domo
1694 511 1760 571 et
1816 505 2105 572 cubiculo
2167 506 2234 570 in
2292 523 2416 587 quo

102 615 280 692 pater
335 612 476 677 eius
524 612 824 678 Octavius
869 612 1070 678 vitam
1115 610 1442 679 finivisset.
1535 630 1834 679 numerus
1896 611 2087 678 etiam
2133 610 2419 677 consula-

102 721 271 781 tuum
321 716 787 797 celebrabatur,
837 735 960 799 quo
994 717 1319 784 Valerium
1362 715 1636 783 Corvum
1684 721 1751 783 et
1796 715 1863 784 C.
1913 717 2186 782 Marium
2233 715 2420 781 simul
2455 736 2489 788 5

107 827 509 904 aequaverat,
558 823 930 889 continuata
975 843 1091 906 per
1121 829 1364 905 septem
1411 830 1478 890 et
1523 823 1791 906 triginta
1834 840 2034 888 annos
2084 822 2422 889 tribunicia

111 932 405 1011 potestas,
455 947 685 995 nomen
728 930 1104 1013 inperatoris
1135 929 1333 996 semel
1378 935 1570 1012 atque
1601 930 1832 995 viciens
1878 936 2128 1011 partum
2177 928 2423 1011 aliaque

108 1034 414 1101 honorum
462 1034 882 1118 multiplicata
939 1041 1054 1102 aut
1099 1055 1282 1105 nova.

1375 1042 1446 1103 at
1491 1037 1661 1119 apud
1717 1036 2062 1118 prudentes
2108 1035 2242 1100 vita
2286 1035 2422 1101 eius

104 1141 266 1206 varie
313 1140 748 1207 extollebatur
805 1143 1291 1225 arguebaturve.
1382 1142 1448 1207 hi
1493 1143 1736 1224 pietate
1781 1160 1934 1224 erga
1980 1147 2312 1223 parentem
2357 1146 2424 1206 et

104 1247 577 1312 necessitudine
621 1248 715 1312 rei
745 1247 1051 1329 publicae,
1098 1248 1163 1313 in
1195 1266 1320 1331 qua
1364 1247 1576 1313 nullus
1624 1254 1777 1314 tunc
1823 1246 2068 1330 legibus
2096 1245 2292 1327 locuS,
2338 1246 2423 1312 ad
2462 1266 2529 1317 10

106 1371 273 1418 arma
336 1351 550 1419 civilia
596 1359 828 1434 actum,
895 1373 1060 1436 quae
1105 1373 1308 1436 neque
1363 1355 1579 1436 parari
1626 1357 1885 1436 possent
1943 1370 2148 1433 neque
2205 1351 2423 1418 haberi

105 1476 209 1540 per
252 1460 460 1524 bonas
501 1464 693 1525 artes.
761 1459 965 1526 multa
997 1460 1289 1542 Antoni0‚
1338 1461 1488 1528 dum
1533 1458 1973 1526 interfectores
2019 1458 2222 1541 patris
2268 1458 2423 1524 ulci-

107 1570 402 1648 sceretur,
450 1564 653 1631 multa
682 1567 918 1647 Lepido
965 1567 1368 1634 concessisse.
1462 1572 1798 1649 postquam
1842 1565 1946 1632 hic
1992 1566 2282 1631 socordia
2327 1583 2425 1630 se-

110 1673 331 1751 nuerit,
404 1671 512 1737 ille
565 1690 682 1755 per
740 1671 1030 1738 libidines
1093 1690 1350 1756 pessum
1397 1673 1587 1738 datus
1634 1673 1735 1753 sit,
1800 1690 1921 1737 non
1971 1671 2143 1736 aliud
2189 1672 2424 1736 discor-

109 1777 306 1842 dantis
355 1777 609 1860 patriae
638 1779 984 1843 remedium
1029 1776 1222 1845 fuisse
1253 1797 1442 1861 quam
1487 1784 1562 1843 at
1604 1779 1684 1844 ab
1715 1796 1840 1844 uno
1870 1782 2222 1860 regeretur.
2300 1795 2424 1842 non
2466 1796 2529 1848 15

110 1900 294 1965 regno
343 1891 561 1948 tamen
608 1901 814 1965 neque
846 1884 1185 1966 dictatura,
1231 1884 1346 1950 sed
1375 1884 1677 1967 principis
1723 1885 1974 1949 nomine
2018 1883 2426 1949 constitutam

118 2007 233 2053 rem
279 1989 637 2072 publicam3
701 1991 863 2055 mari
909 1989 1162 2057 Oceano
1220 1994 1336 2056 aut
1378 1990 1668 2056 amnibus
1728 1988 2090 2074 longinquis
2135 1994 2426 2071 saeptum

181 2257 228 2311 2.
280 2254 430 2308 idem
486 2252 601 2307 dies
658 2270 746 2308 am
796 2258 876 2309 19.
928 2257 1145 2322 August
1199 2257 1268 2310 43

115 2358 155 2396 v.
191 2342 316 2396 Chr.
372 2341 559 2397 wurde
610 2359 671 2396 er
721 2359 846 2397 zum
899 2350 1083 2398 ersten
1121 2343 1268 2397 Male

112 2430 321 2486 Konsul
366 2432 474 2486 und
518 2449 589 2487 an
639 2432 952 2487 demselben
1003 2433 1151 2500 Tage
1203 2436 1267 2487 14

112 2535 164 2572 n.
192 2519 317 2578 Chr.
355 2521 508 2576 starb
545 2537 621 2574 er.
697 2522 812 2575 Der
837 2521 1000 2590 Konj.
1027 2537 1132 2575 von
1155 2536 1267 2575 esse

112 2608 198 2661 bei
257 2607 568 2676 folgendem
614 2610 781 2679 Konj.
844 2611 997 2666 eines
1058 2609 1266 2664 andern

118 2695 376 2753 Verbums
431 2698 569 2754 wird
623 2699 774 2753 nicht
833 2699 1010 2754 selten
1070 2714 1265 2767 ausge-

121 2783 302 2841 lassen.

182 2895 229 2950 5.
274 2893 338 2950 V.
363 2893 575 2948 Corvus
612 2910 726 2948 war
750 2897 784 2948 6
803 2893 928 2961 mal,
967 2892 1022 2948 0.
1042 2891 1268 2946 Marius

121 2984 150 3035 7
165 2982 265 3037 mal
301 2982 532 3038 Konsul.

182 3089 229 3142 6.
268 3104 376 3157 per
410 3103 456 3143 s.
503 3092 557 3142 et
591 3087 719 3157 triy.
757 3101 937 3140 amos
985 3090 1055 3143 23
1091 3104 1139 3145 v.
1185 3087 1269 3141 bis

122 3178 178 3228 14
211 3194 260 3231 n.
302 3177 431 3235 Chr.

179 3286 225 3338 7.
258 3300 319 3336 n.
345 3281 696 3350 imperatoris
733 3280 874 3336 nach
906 3280 1092 3349 jedem
1129 3281 1267 3350 sieg-

115 3371 332 3426 reichen
377 3371 676 3437 Feldzuge‚
730 3369 834 3424 den
883 3370 1158 3425 entweder
1207 3385 1269 3424 er

117 3459 285 3514 selbst
331 3460 468 3514 oder
524 3460 676 3513 einer
731 3459 913 3513 seiner
960 3457 1269 3512 Feldherrn

118 3555 530 3604 unternommen
581 3548 756 3603 hatte.
829 3547 947 3601 Seit
985 3549 1270 3615 Augustus

114 3634 321 3691 blieben
348 3636 436 3690 die
458 3636 729 3691 hochsten
745 3635 1123 3703 Kriegsehren
1149 3635 1268 3689 dem

115 3723 307 3781 Kaisar
352 3724 717 3780 vorbehalten
772 3724 885 3779 und
941 3725 1045 3778 den
1094 3723 1268 3778 Heer-

115 3811 338 3869 fuhrern
389 3811 579 3869 wurde
625 3812 808 3868 weder
855 3811 954 3867 der
991 3811 1137 3867 Titel
1172 3812 1269 3865 im·

108 3906 332 3967 perator
367 3902 511 3957 noch
539 3902 627 3956 ein
653 3900 920 3969 Triumph
944 3899 1268 3955 zuerkannt.

118 4017 177 4028 —
229 3990 349 4044 alia
402 3991 666 4045 honoram
713 4013 783 4034 =
835 3988 947 4043 alia
1002 3988 1269 4044 honorum

119 4093 345 4145 genera;
385 4079 559 4135 subst.
589 4077 715 4147 Adj.
753 4083 933 4132 neutr.
972 4075 1270 4132 besonders

119 4165 185 4220 im
223 4167 416 4222 Plural
464 4167 568 4221 mit
619 4166 796 4221 einem
844 4164 1074 4220 Genetiv
1127 4164 1270 4219 auch

121 4254 253 4311 ohne
273 4256 531 4327 partitive
551 4255 878 4322 Bedeutung
895 4269 996 4307 zur
1016 4252 1270 4308 Bezeich-

121 4358 259 4413 nung
306 4344 403 4400 des
439 4344 654 4400 Inhalts
711 4342 833 4399 sind
877 4342 967 4397 bei
1005 4341 1067 4396 T.
1117 4341 1273 4397 nieht

1378 2256 1573 2311 seiten.
1636 2254 1759 2325 Vgl.
1797 2254 1865 2309 K.
1895 2259 1959 2309 17
1995 2253 2207 2308 inculta
2241 2253 2531 2320 montium3

1375 2347 1442 2399 61
1482 2343 1693 2398 occulta
1728 2343 1966 2397 saltuum
1976 2362 1997 2410 ,-
2033 2345 2102 2398 65
2137 2341 2383 2396 subiecta
2416 2340 2530 2396 val-

1371 2434 1521 2488 lium.

1442 2525 1492 2576 8.
1523 2520 1824 2589 prudentes
1861 2520 1934 2574 im
1973 2519 2281 2587 Gegensatz
2317 2536 2386 2573 zu
2424 2518 2530 2572 den

1371 2626 1520 2664 vana
1543 2607 1889 2663 mirantibus.
1962 2606 2138 2676 Apud
2155 2623 2254 2661 zur
2272 2606 2531 2661 Bezeich-

1373 2715 1521 2766 nung
1558 2715 1666 2753 von
1693 2698 1995 2765 Personen,
2033 2696 2124 2750 bei
2147 2695 2388 2751 welchen
2414 2695 2531 2750 sich

1375 2788 1498 2842 eine
1535 2787 1770 2842 Ansicht
1807 2784 2028 2855 geltend
2064 2785 2263 2840 macht.

1445 2895 1496 2948 9.
1534 2892 1595 2946 hi
1629 2907 1741 2948 was
1777 2908 1846 2946 zu
1872 2891 2188 2960 erganzen?
2226 2889 2349 2958 Vgl.
2373 2889 2441 2943 K.
2461 2892 2525 2943 31

1374 2997 1490 3035 non
1526 2996 1708 3048 unus;
1781 2982 1851 3035 80
1888 2978 1991 3033 alii
2024 3020 2038 3033 .
2067 3020 2079 3033 .
2115 2978 2425 3032 servavisse.
2466 3006 2528 3015 --

1371 3074 1650 3139 parentem
1709 3066 1821 3122 und
1885 3066 1985 3122 das
2046 3066 2300 3135 folgende
2344 3065 2534 3134 patris

1376 3159 1509 3227 geht
1554 3157 1654 3212 auf
1685 3157 1788 3212 den
1826 3155 2216 3224 Adoptivvater
2249 3154 2303 3209 J.
2345 3155 2530 3209 Oasar.

1452 3268 1534 3321 10.
1587 3261 1923 3318 necessitudo
1972 3262 2055 3316 rei
2093 3261 2346 3330 publicae
2397 3260 2532 3316 wird

1374 3352 1448 3406 im
1493 3350 1626 3418 folg.
1680 3351 1822 3419 Kap.
1877 3350 2049 3405 durch
2092 3355 2336 3418 tempora
2379 3366 2427 3405 r.
2467 3364 2529 3417 p.

1373 3439 1710 3496 bezeichnet.
1800 3437 2112 3492 Necessitas
2157 3442 2236 3491 est
2281 3437 2363 3491 vis
2400 3453 2531 3506 pre-

1377 3543 1526 3582 mens
1585 3531 1636 3580 et
1693 3540 1903 3596 coyens,
1961 3525 2300 3580 necessitudo
2353 3530 2532 3580 autem

1375 3616 1654 3671 vinculum
1671 3630 1738 3670 ex
1760 3613 2078 3669 necessitate
2100 3612 2400 3668 oriundum
2422 3614 2531 3668 sive

1377 3719 1443 3759 ea
1478 3702 1723 3758 condicio
1759 3703 1822 3757 in
1858 3718 1971 3771 qua
2008 3702 2132 3771 quis
2165 3708 2420 3757 versatur
2467 3702 2532 3756 ob

1373 3793 1763 3847 necessitatem.
1798 3791 1936 3845 Gell.
1973 3807 2028 3849 n.
2065 3793 2130 3846 A.
2167 3786 2320 3859 XIII,
2356 3792 2409 3849 3.

1447 3883 1533 3939 12.
1568 3880 1698 3934 dam
1735 3900 1800 3924 =
1839 3878 2145 3933 dummodo.

1451 3971 1532 4023 16.
1564 3966 1844 4036 principis
1880 3965 1984 4036 vgl.
2022 3983 2091 4021 zu
2127 3966 2195 4025 K.
2235 3972 2283 4022 1.

1451 4077 1534 4132 17.
1571 4089 1720 4128 mare
1745 4072 1991 4128 Oceanus
2020 4072 2165 4127 auch
2190 4073 2321 4128 hist.
2348 4073 2441 4142 lV,
2464 4078 2531 4128 12

1374 4162 1486 4217 und
1524 4162 1648 4220 Cas.
1695 4162 1744 4216 b.
1784 4178 1834 4230 g.
1871 4161 1970 4229 111,
2009 4165 2060 4218 7.
2142 4161 2266 4228 Vgl.
2304 4160 2424 4227 XV,
2461 4165 2530 4216 34

1375 4266 1524 4305 mare
1559 4250 1803 4304 Hadria.
1830 4279 1893 4289 —-
1932 4249 2181 4304 amnibus
2216 4249 2532 4319 lonqinquis

1377 4339 1578 4405 Ehem,
1615 4339 1825 4403 Donau,
1864 4337 2136 4406 Euphrat.
