2992 4825
996 301 1161 355 Liber
1198 301 1268 358 11.
1331 299 1464 370 Cap.
1501 302 1588 356 87.
1626 303 1714 356 88.

2440 292 2564 353 155

114 439 380 524 Occiae,
429 461 593 526 quae
625 447 870 523 septem
918 447 983 506 et
1029 443 1488 525 quinquaginta
1533 461 1650 524 per
1695 461 1893 509 annos
1939 461 2184 509 summa
2228 445 2461 510 sancti-

114 548 348 613 monia
392 547 751 614 Vestalibus
815 549 1012 614 sacris
1072 549 1524 629 praesederat3
1595 550 1849 632 egitque
1917 555 2135 632 grates
2192 550 2458 616 Fonteio

118 653 454 736 Agrippae
511 660 576 719 et
622 652 900 719 Domitio
947 652 1234 734 Pollioni,
1299 655 1465 736 quod
1524 651 1838 719 offerendo
1894 652 2055 720 filias
2121 654 2199 720 de
2256 652 2460 720 officio

120 759 190 823 in
230 778 379 825 rem
422 758 745 841 publicam
777 763 1116 825 certarent.
1208 758 1502 841 praelata
1548 764 1648 824 est
1675 759 1978 825 Pollionis
2023 759 2170 841 filia,
2217 778 2344 825 non
2380 760 2459 825 ob
2498 781 2531 833 5

116 864 304 930 aliud
354 883 545 946 quam
592 864 763 946 quod
808 870 1015 929 mater
1058 865 1193 930 eius
1239 866 1306 929 in
1350 866 1571 931 eodem
1620 866 1908 948 coniugio
1940 867 2271 945 manebat3
2315 884 2461 930 nam

122 971 420 1053 Agrippa
468 970 732 1036 discidio
765 970 1019 1036 domum
1050 971 1472 1038 imminuerat.
1567 975 1635 1036 et
1681 970 1915 1036 Caesar
1959 972 2244 1054 quamvis
2289 975 2463 1053 post-

118 1075 418 1142 habitam
466 1077 716 1142 deciens
762 1078 1038 1142 sestertii
1087 1077 1236 1142 dote
1283 1076 1526 1143 solatus
1572 1080 1686 1144 est.

310 1188 415 1249 87.
493 1183 834 1250 Saevitiam
882 1201 1171 1248 annonae
1231 1183 1567 1248 incusante
1623 1182 1809 1266 plebe
1864 1183 2091 1248 statuit
2143 1181 2462 1248 frumento

122 1289 429 1371 pretium,
477 1288 646 1371 quod
678 1293 925 1370 emptor
953 1288 1278 1369 penderet,
1325 1289 1629 1371 binosque
1660 1307 1949 1353 nummos
1995 1306 2063 1353 se
2093 1287 2462 1354 additurum

122 1394 640 1477 negotiatoribus
684 1394 751 1458 in
782 1393 1064 1476 singulos
1095 1394 1354 1460 modios,
1449 1412 1654 1476 neque
1683 1397 1898 1459 tamen
1944 1395 2024 1459 ob
2061 1412 2138 1459 ea
2181 1393 2461 1475 parentis

120 1500 388 1581 patriae
445 1499 726 1565 delatum
788 1503 855 1563 et
910 1505 1103 1564 antea
1145 1499 1524 1564 vocabulum
1579 1500 1908 1580 adsumsit,
1974 1500 2321 1592 acerbeque
2364 1499 2461 1563 in-

124 1606 385 1687 crepuit
430 1623 555 1687 eoS,
603 1605 710 1687 qui
759 1605 1001 1670 divinas
1049 1606 1494 1687 occupationes
1538 1607 1871 1688 ipsumque
1919 1604 2243 1670 dominum
2288 1604 2458 1668 dixe·
2495 1622 2529 1675 5

130 1717 297 1776 rant.
391 1712 561 1776 unde
605 1714 874 1792 angusta
930 1716 993 1775 et
1037 1710 1283 1776 lubrica
1337 1712 1543 1776 oratio
1591 1713 1709 1778 sub
1754 1712 2058 1795 principe,
2117 1711 2221 1793 qui
2269 1710 2462 1775 liber-

130 1822 333 1882 tatem
383 1817 727 1896 metuebat,
774 1816 1203 1881 adulationem
1251 1817 1492 1884 oderat.

311 1926 421 1987 88.
489 1921 783 2003 Reperio,
808 1923 977 2004 apud
1023 1923 1365 2004 scriptores
1412 1929 1865 2004 senatoresque
1912 1922 2260 1987 eorundem
2305 1927 2461 1987 tem-

127 2044 361 2108 porum
393 2029 843 2110 Adgandestrii
873 2028 1173 2109 principis
1203 2025 1577 2093 Chattorum
1623 2028 1823 2093 lectas
1864 2027 1931 2092 in
1962 2032 2189 2092 senatu
2219 2025 2459 2107 literaS,

129 2134 364 2215 quibus
395 2142 669 2201 mortem
700 2135 966 2199 Arminii
1007 2135 1435 2215 promittebat,
1484 2136 1540 2199 si
1583 2134 1933 2215 patrandae
1979 2134 2119 2198 neci
2146 2150 2460 2198 venenum

127 2240 534 2319 mitteretur3
593 2258 1088 2323 responsumque
1135 2259 1276 2306 esse
1321 2258 1448 2305 non
1490 2238 1718 2305 fraude
1764 2258 1970 2322 neque
2015 2239 2298 2317 occultis,
2348 2238 2458 2304 sed

204 2505 254 2558 3.
328 2503 635 2558 Vestalibus
706 2505 883 2559 saeris
944 2504 1303 2573 praesederat

128 2605 270 2656 ganz
328 2590 623 2659 allgemein
675 2608 780 2646 von
827 2592 1149 2661 Besorgung
1204 2592 1298 2647 des

134 2676 481 2748 Vestakults,
516 2680 668 2734 nicht
703 2696 810 2733 von
836 2679 959 2735 dem
977 2680 1299 2736 Vorsteher·

133 2774 248 2822 arnt
288 2768 390 2822 der
426 2767 581 2837 viryo
617 2767 862 2821 maxima
897 2785 965 2821 zu
990 2769 1298 2836 verstehen‚

134 2852 207 2906 da
256 2856 337 2910 sie
388 2855 536 2910 diese
586 2855 797 2909 Wiirde
849 2855 1007 2910 nicht
1061 2872 1120 2911 so
1170 2856 1297 2911 frfih

130 2941 400 3011 erlangen
437 2942 664 3009 konnte,
714 2943 835 2998 dass
885 2944 967 2998 sie
1020 2945 1159 2999 auch
1209 2944 1298 2999 bei

130 3028 315 3085 einem
359 3031 520 3087 recht
556 3030 754 3098 langen
791 3032 977 3087 Leben
1023 3035 1091 3087 57
1128 3032 1298 3087 Jabre

131 3114 377 3174 dieselbe
431 3118 769 3174 verwaltete.
865 3119 1021 3174 Ohne
1073 3120 1296 3175 Zweifel

132 3205 243 3259 soll
297 3207 442 3262 auch
502 3223 610 3260 nur
670 3206 756 3262 die
808 3207 970 3276 lange
1019 3209 1142 3264 Zeit
1202 3210 1297 3265 des

136 3292 398 3351 Dienstes
459 3295 776 3364 uberhaupt
847 3297 1299 3366 hervorgehoben

132 3384 373 3452 werden,
429 3382 498 3438 da
535 3384 715 3439 dieser
752 3385 895 3440 nach
933 3385 1056 3440 dem
1097 3387 1296 3442 Gesetz

134 3486 241 3525 nur
279 3475 352 3526 30
387 3472 559 3527 Jahre
596 3472 839 3528 dauerte.

207 3562 256 3616 7.
297 3560 592 3615 discidium
627 3562 699 3615 im
723 3561 1035 3631 Gegensatz
1072 3579 1139 3616 zu
1174 3578 1300 3616 con-

136 3645 351 3717 iuqium
387 3650 529 3706 auch
567 3650 664 3716 111,
703 3653 788 3708 34.
830 3679 891 3689 —
948 3649 1295 3705 imminuerat

136 3736 245 3802 vgl.
282 3738 325 3806 Ι,
362 3741 432 3793 72
468 3736 724 3796 minuere.

208 3827 257 3879 8.
311 3824 525 3880 deciens
576 3825 812 3879 sestertii
878 3826 974 3880 der
1031 3826 1300 3896 damalige

140 3909 350 3969 Census
388 3914 542 3969 eines
570 3912 832 3968 Senators
869 3913 913 3983 1,
941 3916 1028 3969 75.
1054 3945 1118 3955 ·-
1157 3915 1300 3969 sola-

141 4003 228 4054 tus
265 4008 402 4058 statt
437 4002 762 4068 consolatus,
798 4002 899 4056 wie
922 4003 967 4071 I,
997 4004 1077 4057 14.
1113 4003 1186 4070 11,
1213 4005 1299 4058 36.

278 4106 416 4180 zap.
456 4107 542 4165 87.
588 4107 879 4181 OEeuerung
913 4106 973 4164 ln
1008 4106 1158 4164 Rom.

214 4199 263 4251 1.
316 4196 550 4251 saevitia
612 4212 871 4250 armoriae
933 4195 1154 4251 starker
1213 4195 1296 4250 als

138 4283 392 4347 ⁴arabitas
416 4299 671 4338 annonae
705 4283 802 4354 VI,
830 4286 911 4338 13.
936 4283 1034 4353 ΧΙ,
1053 4286 1116 4347 4;
1156 4287 1298 4339 etwa

138 4371 439 4440 ,grimmige
476 4371 805 4439 Teuerung‘.

1479 2508 1529 2559 3.
1574 2504 2010 2574 neqotiatoribns
2046 2528 2117 2549 =
2159 2503 2563 2567 frumentariis;

1406 2593 1558 2660 XIII,
1596 2597 1682 2648 51.
1718 2592 1866 2660 XIV,
1904 2597 1988 2650 33.

1476 2719 1528 2770 4.
1567 2720 1618 2769 et
1654 2721 1821 2770 antea
1855 2715 1959 2783 vgl.
1986 2715 2029 2782 I,
2053 2719 2120 2769 72
2135 2715 2322 2783 patris
2337 2713 2567 2784 patriae

1402 2819 1595 2858 nomen
1631 2820 1668 2858 a
1693 2802 2158 2885 populosaepius
2192 2804 2471 2873 inqestum.

1475 2931 1525 2984 5.
1564 2929 1782 2983 divinae
1819 2930 1943 2985 eine
1969 2934 2158 2997 spater
2182 2946 2322 3000 ganz
2348 2929 2566 2983 iibliche

1404 3018 1791 3086 Bezeichnung
1825 3017 1915 3072 fiir
1953 3017 2039 3072 die
2063 3017 2568 3086 Beschaftigungen

1406 3099 1505 3161 der
1552 3107 1765 3175 Kaiser,
1820 3108 1924 3161 wie
1972 3105 2226 3160 dominus
2272 3106 2364 3159 fiir
2416 3106 2566 3161 diese

1404 3194 1595 3249 selbst.
1636 3224 1697 3234 -
1737 3194 1995 3248 dixerant
2029 3196 2085 3248 in
2120 3194 2568 3249 verschiedenem

1407 3282 1573 3337 Sinne
1621 3299 1690 3337 zu
1736 3283 1958 3337 divinas
2010 3284 2073 3350 (I,
2115 3284 2180 3337 13
2219 3282 2445 3336 dixerat
2477 3297 2566 3338 ca-

1401 3372 1610 3442 pacem)
1660 3373 1769 3427 und
1817 3390 1886 3426 zu
1928 3372 2203 3427 dominwn
2250 3372 2343 3440 (u,
2381 3374 2414 3427 6
2459 3371 2565 3426 Va·

1402 3460 1582 3513 halem
1617 3460 1849 3529 dicunt),
1885 3461 1988 3515 wie
2025 3460 2094 3514 K.
2130 3463 2200 3514 44
2234 3460 2448 3518 habere.

1474 3584 1525 3636 6.
1564 3588 1833 3651 anqusta:
1885 3582 2258 3651 ,beschrankt‘
2310 3584 2398 3654 (K.
2440 3586 2559 3656 33);
2664 3581 2672 3588 ’

1405 3668 1648 3725 lubrica.-
1687 3671 2049 3741 ‚gefahrlichfl

1526 3895 1663 3969 zap.
1703 3897 1791 3956 88.
1847 3897 1959 3956 wod
1994 3897 2089 3956 des
2126 3897 2428 3958 Arminius.

1480 4023 1524 4073 1.
1561 4024 1975 4088 senatoresque:
2012 4021 2165 4090 ,und
2200 4038 2371 4076 zwar
2396 4022 2564 4079 Sena-

1405 4108 1602 4173 toren‘‚
1664 4108 1899 4163 welcber
1954 4109 2156 4163 Zusatz
2218 4109 2305 4165 die
2360 4110 2564 4166 Glaub·

1403 4194 1737 4261 wurdigkeit
1764 4196 1860 4251 der
1879 4195 2215 4265 Mitteilung‚
2243 4198 2312 4252 da
2337 4200 2419 4252 sie
2443 4199 2564 4254 sich

1403 4281 1506 4337 auf
1542 4281 1707 4336 lectas
1753 4282 1817 4336 in
1863 4287 2058 4336 senatu
2102 4283 2293 4339 literas
2337 4291 2562 4354 stfitzte,

1401 4369 1709 4426 besonders
1746 4370 1956 4426 betont.
