2992 4825
308 250 384 306 1ss
1090 261 1274 317 Taciti
1309 261 1571 331 Agricola
1608 277 1654 318 c.
1692 263 1849 319 6-9.

300 404 529 466 suenda
577 402 1049 482 diligentissima
1096 404 1553 486 conquisitione
1597 404 1764 486 fecit,
1811 423 1891 470 ne
1922 405 2099 471 cuius
2133 406 2397 472 alterius
2430 405 2626 498 sacri-

192 514 260 566 ffl'i
300 510 529 590 legium
583 510 936 590 respublica
981 528 1172 591 quam
1221 509 1485 576 Neronis
1534 511 1858 578 sensisset.

481 622 533 678 Ἰ.
601 614 881 694 Ssqucns
938 632 1143 681 annus
1201 615 1384 697 gravi
1428 616 1689 681 vulnere
1734 618 2011 681 animum
2060 616 2443 698 domumque
2474 617 2624 684 eius

296 718 553 782 adflixit.
649 718 809 782 Nais
869 719 1088 786 classis
1135 719 1497 786 Othoniana
1554 721 1819 788 licenter
1872 741 2034 805 vaga
2094 721 2245 787 dum
2290 722 2624 788 Intimilios

300 826 621 906 [Liguriae
669 846 817 906 pars
865 823 988 911 sst)
1046 825 1364 892 hostiliter
1418 826 1792 910 populatur,
1854 831 2122 893 matrem
2172 827 2503 909 Agricolae
2559 827 2625 893 in

300 930 573 1010 prssdiis
621 934 749 994 suis
797 929 1127 1011 interfecit,
1193 933 1580 1015 praediaque
1626 933 1767 1014 ipsa
1814 938 1879 999 et
1921 952 2214 1016 magnam
2262 919 2626 1016 patrimonii

192 1046 224 1094 s
300 1042 541 1118 pai-teni
589 1038 865 1118 diripuit,
911 1055 1076 1119 quae
1122 1055 1310 1104 causa
1357 1038 1569 1105 caedis
1613 1037 1838 1105 fuerat.
1915 1040 2122 1123 Igitur
2166 1040 2248 1106 ad
2295 1038 2627 1106 sollemnia

300 1146 557 1222 pietatis
617 1142 934 1222 profectus
984 1142 1297 1223 Agricola,
1356 1145 1579 1211 nuntio
1638 1143 1946 1212 adfectati
1992 1165 2031 1210 a
2078 1146 2463 1228 Vespasiano
2508 1145 2627 1210 im-

300 1250 457 1328 perii
489 1250 934 1330 *deprehensus
978 1266 1054 1314 ac
1099 1249 1317 1314 statim
1362 1249 1428 1314 in
1472 1254 1687 1331 partes
1743 1253 2181 1333 transgressus
2228 1256 2345 1318 est.
2438 1251 2627 1316 Initia

300 1354 685 1434 principatus
733 1374 805 1418 ss
853 1358 1090 1419 statum
1131 1353 1309 1420 urbis
1341 1353 1674 1421 Mucianus
1706 1356 1987 1439 regebat,
2034 1357 2256 1421 iuvene
2287 1356 2625 1421 admodum

303 1458 657 1522 Dniiiitisns
717 1466 781 1522 st
833 1478 911 1524 ex
970 1463 1242 1541 paterna
1286 1458 1544 1526 fortuna
1590 1466 1840 1526 tantum
1887 1461 2207 1527 licentiam
2252 1455 2622 1543 usurpante,

196 1574 260 1622 is
300 1566 360 1626 Is
408 1566 665 1626 missum
713 1566 793 1626 sd
841 1565 1109 1631 dilectus
1150 1565 1429 1647 agendos
1462 1565 1828 1648 Agricolam
1860 1567 2229 1650 integreque
2260 1586 2338 1633 ac
2367 1571 2627 1634 strenue

300 1678 613 1734 vsi-satum
665 1674 996 1736 vicesimae
1040 1671 1292 1753 legioni,
1339 1671 1525 1737 tarde
1554 1670 1640 1737 ad
1672 1677 2137 1738 sacramentum
2168 1678 2625 1754 transgressae,

296 1778 681 1858 praeposuit,
729 1778 837 1838 uhi
881 1776 1176 1843 decessor
1220 1776 1521 1843 seditiose
1566 1796 1758 1871 agere
1798 1778 2211 1844 narrabatur:
2259 1767 2491 1860 quippe
2536 1777 2627 1844 le·

300 1882 465 1962 gatis
513 1902 757 1962 qusque
809 1882 1235 1948 rsnsularibus
1278 1883 1473 1948 nimia
1521 1901 1597 1948 ac
1640 1882 2045 1950 formidolosa
2094 1888 2251 1966 erat,
2299 1902 2417 1950 nec
2448 1885 2627 1964 lega-

300 1994 400 2050 tus
448 1990 797 2068 praeteritis
845 1987 926 2054 ad
971 1986 1385 2053 cohibendum
1433 1996 1680 2072 potenS,
1727 1990 2035 2055 incertum
2083 2007 2197 2054 suo
2236 2008 2319 2056 an
2352 1990 2623 2055 militum

196 2102 260 2150 is
300 2094 569 2174 ingenis.
669 2094 761 2158 lta
821 2111 1143 2159 successor
1203 2094 1390 2159 simul
1436 2099 1502 2159 et
1546 2096 1716 2161 ultor
1762 2095 1996 2161 electus
2043 2096 2365 2162 rarissima
2411 2095 2628 2161 mode-

300 2202 541 2262 rat-inse
593 2202 813 2262 maluit
861 2199 1058 2264 rideri
1102 2199 1414 2266 invenisse
1461 2200 1662 2267 bonos
1709 2218 1894 2282 quam
1943 2199 2187 2268 fecisse.

481 2310 537 2370 Ξ.
609 2306 917 2370 Praestat
979 2308 1131 2369 tunc
1197 2304 1571 2370 Britanniae
1627 2307 1879 2372 Vettius
1945 2306 2243 2387 Bolanus,
2312 2307 2629 2390 placidius

300 2431 485 2491 quani
545 2411 733 2475 fsrssi
789 2410 1114 2491 provincia
1175 2411 1431 2494 dignum
1495 2418 1614 2479 est.
1709 2413 2114 2495 Temperavit
2161 2414 2458 2495 Agricola
2503 2414 2625 2479 vim

300 2539 477 2579 susm
529 2519 942 2599 arrisi-sinque
987 2518 1404 2599 compescuit,
1465 2536 1546 2582 ne
1592 2519 2007 2598 incresceret,
2064 2520 2307 2601 peritus
2364 2520 2624 2601 obsequi

196 2639 224 2687 s
300 2627 709 2703 sruditusqus
777 2624 958 2688 utilia
1021 2623 1303 2689 honestis
1372 2624 1655 2689 miscere.
1746 2624 1933 2690 Brevi
2003 2626 2230 2691 deinde
2294 2625 2626 2692 Britannia

300 2731 693 2791 consularem
765 2728 1056 2794 Pstilium
1133 2727 1447 2794 Cerialem
1524 2731 1785 2812 accepit.
1902 2730 2282 2797 Habuerunt
2355 2732 2627 2798 virtutes

304 2835 573 2915 spatium
641 2835 1086 2915 sssmplorum.
1193 2833 1321 2900 Sed
1387 2836 1591 2917 primo
1663 2833 1931 2902 Cerialis
1998 2836 2249 2902 labores
2313 2838 2501 2903 modo
2561 2842 2630 2903 et

304 2943 689 3019 discrimina,
753 2959 897 3003 mss
949 2947 1015 3006 et
1075 2941 1338 3022 gloriam
1386 2942 1921 3008 communicabat:
1994 2960 2187 3024 saepe
2235 2943 2404 3024 parti
2451 2961 2627 3009 exer-

300 3051 465 3111 citus
521 3051 581 3111 in
641 3047 1169 3127 sspsrimentum,
1235 3045 1573 3129 aliquando
1628 3049 1975 3114 maioribus
2031 3049 2223 3129 copiis
2270 3068 2347 3114 ex
2393 3054 2628 3114 eventu

200 3171 264 3215 iu
303 3155 625 3235 praefecit.
721 3155 849 3219 Nes
911 3152 1206 3235 Agricola
1268 3140 1566 3235 umquam
1636 3155 1702 3218 in
1766 3172 1943 3219 suam
2000 3151 2234 3219 famam
2280 3154 2477 3236 gestis
2523 3173 2627 3220 ex·

300 3259 593 3323 saltarit:
641 3259 717 3323 st]
773 3264 1096 3323 auctorem
1141 3277 1217 3324 ac
1260 3259 1484 3324 ducem
1519 3266 1586 3325 ut
1620 3260 1906 3325 minister
1937 3258 2256 3324 fortunam
2288 3258 2624 3326 referebat.

300 3367 399 3427 Its
465 3367 697 3427 virtuts
765 3367 821 3427 in
893 3364 1322 3447 obsequendo,
1395 3366 1772 3431 verecundia
1834 3366 1901 3430 in
1960 3366 2390 3448 praedicando
2447 3372 2626 3430 extra

308 3471 609 3535 invidiam
661 3491 773 3535 nst:
821 3480 997 3535 extra
1042 3470 1309 3552 gloriam
1361 3475 1519 3538 erat.

481 3583 537 3639 [i.
609 3575 1054 3641 Bessi-tantem
1115 3575 1196 3640 ab
1252 3576 1577 3658 legatione
1640 3577 1905 3659 legionis
1971 3577 2151 3642 divus
2203 3578 2626 3659 Vespasianus

302 3683 465 3747 istm·
513 3683 809 3763 patricias
857 3681 1153 3762 adscivit3
1214 3700 1290 3747 ac
1341 3681 1565 3769 deinde
1612 3683 1971 3764 provinciae
2019 3683 2400 3764 Aquitaniae
2444 3701 2627 3764 prae—

304 3791 537 3867 primis,
609 3787 977 3867 splendidae
1031 3787 1314 3868 inprimis
1374 3787 1701 3869 dignitatis
1758 3788 2307 3853 administratione
2374 3806 2450 3853 ac
2515 3805 2628 3869 spe

300 3895 685 3971 consulatus,
753 3895 849 3955 cui
907 3893 1272 3957 destinarat.
1365 3891 1648 3957 Credunt
1692 3892 1976 3974 plerique
2022 3893 2407 3959 militaribus
2454 3894 2625 3974 inge·

196 4011 227 4059 s
303 3999 420 4063 niis
477 3999 889 4063 subtilitatem
945 3998 1197 4078 deesse,
1268 3998 1418 4079 quia
1473 4000 1813 4064 castrensis
1871 4000 2222 4065 iurisdictio
2278 4018 2500 4065 secura
2560 4002 2626 4063 et

304 4107 589 4167 obtusius
645 4123 717 4167 ss
779 4107 958 4183 plura
1011 4122 1205 4168 manu
1261 4122 1456 4184 agens
1514 4103 1925 4170 calliditatem
1971 4103 2091 4170 fori
2133 4123 2261 4170 non
2307 4109 2621 4171 exerceat.

304 4211 593 4291 Agr-iscis
641 4211 918 4275 saturali
965 4209 1318 4292 prudentia,
1356 4212 1653 4292 quamvis
1699 4212 1865 4276 inter
1901 4215 2173 4293 togatOS,
2219 4208 2403 4276 facile
2433 4211 2626 4275 iuste-

304 4335 420 4395 que
469 4319 713 4395 sgshst.
793 4319 922 4381 Isin
964 4334 1113 4382 vero
1146 4321 1434 4397 tempora
1466 4334 1759 4382 curarum
1791 4317 2356 4398 remissionumque
2388 4316 2623 4381 divisa:
