2992 4825
79 1 265 112 ,Γ

1064 211 1234 268 Liber
1271 213 1315 271 1.
1370 211 1503 281 Cap.
1542 215 1625 268 70.
2465 199 2547 260 75

133 348 457 418 formidine
502 354 832 423 auderent.
923 353 1038 420 sed
1079 352 1314 419 femina
1356 354 1580 436 ingens
1623 353 1818 422 animi
1849 355 2065 420 munia
2109 354 2285 421 ducis
2330 372 2446 435 per

136 473 231 521 eos
279 456 420 523 dies
452 458 678 539 induit,
725 458 1178 542 militibusque,
1228 464 1300 524 ut
1343 462 1483 542 quis
1515 460 1698 542 inops
1744 466 1857 526 aut
1889 460 2156 537 sauciuS,
2206 463 2444 525 vestem
2483 477 2516 530 5

80 634 81 649 ξ
137 568 189 626 et
250 561 539 630 fomenta
609 564 910 647 dilargita
977 571 1094 633 est.
1187 566 1386 632 tradit
1455 563 1524 634 C.
1601 565 1861 645 Plinius,
1929 562 2443 631 Germanicorum

80 710 83 745 3
136 666 438 734 bellorum
502 670 789 752 scriptor,
852 671 1108 737 stetisse
1165 672 1337 753 apud
1399 672 1777 754 principium
1824 671 2052 753 pontis„
2116 670 2334 736 laudes
2379 678 2445 735 et

137 780 341 856 grates
389 777 665 841 reversis
710 776 1065 860 legionibus
1096 777 1458 845 habentem.
1553 779 1618 844 id
1652 777 1883 843 Tiberii
1931 777 2209 842 animum
2255 775 2445 841 altius

139 882 522 961 penetravit:
567 900 695 949 non
739 884 905 948 enim
951 882 1267 966 simplices
1314 901 1424 950 eas
1469 901 1677 963 curas»,
1726 901 1845 949 nec
1890 882 2194 949 adversus
2239 886 2444 946 exter-

141 1003 235 1050 nos
280 987 509 1051 studia
568 987 839 1052 militum
885 988 1124 1069 quaeri.
1217 988 1372 1055 nihil
1427 989 1721 1054 relictum
1767 987 2276 1070 imperatoribuS,
2339 984 2446 1051 ubi
2487 1007 2555 1058 10

80 1084 81 1087 ’
140 1087 355 1157 femina
407 1092 762 1174 manipulos
808 1093 1163 1174 intervisat,
1219 1093 1406 1177 signa
1449 1095 1658 1174 adeat,
1705 1093 2109 1176 largitionem
2154 1097 2443 1174 temptet,

80 1212 81 1215 ’
140 1201 451 1277 tamquam
500 1215 728 1279 parum
772 1198 1102 1264 ambitiose
1159 1196 1356 1267 filium
1405 1199 1582 1266 ducis
1628 1198 1872 1282 gregali
1913 1197 2137 1264 habitu
2180 1197 2446 1262 circum-

80 1376 83 1379 ,
142 1299 288 1365 ferat
350 1299 823 1385 Caesaremque
888 1300 1245 1387 Caligulam
1310 1304 1619 1389 appellari
1680 1304 1849 1371 velit.
1942 1303 2247 1386 potiorem
2318 1302 2446 1366 iam

80 1406 81 1489 j
144 1407 294 1488 apud
353 1408 668 1472 exercitus
730 1408 1142 1491 Agrippinam
1196 1427 1388 1491 quam
1444 1409 1710 1492 legatos,
1772 1427 1961 1491 quam
2021 1409 2242 1485 duces3
2302 1425 2446 1472 con-

80 1536 83 1585 ς
145 1529 414 1593 pressam
472 1531 513 1578 a
556 1513 819 1579 muliere
874 1513 1269 1595 seditionem,
1337 1514 1436 1582 cui
1494 1533 1723 1582 nomen
1784 1515 2083 1598 principis
2143 1513 2447 1580 obsistere
2486 1533 2556 1586 15

151 1634 253 1682 non
305 1619 597 1700 quiverit.

704 1619 1097 1685 accendebat
1163 1620 1321 1687 haec
1377 1621 1810 1703 onerabatque
1872 1619 2158 1699 Seianus,
2217 1618 2449 1700 peritia

147 1739 377 1787 morum
420 1722 661 1788 Tiberii
704 1723 849 1789 odia
892 1724 959 1788 in
1001 1723 1262 1808 longum
1306 1725 1565 1804 iacienS,
1612 1742 1777 1807 quae
1820 1725 2190 1790 reconderet
2235 1729 2449 1789 aucta·

80 1800 83 1913 l
150 1844 251 1907 que
290 1834 632 1909 promeret.

311 1939 414 1998 70.
460 1935 551 1999 At
581 1933 993 2001 Germanicus
1023 1934 1362 2017 legionum,
1406 1952 1567 2018 quas
1614 1935 1878 2001 navibus
1910 1939 2187 2014 vexerat,
2234 1951 2454 2000 secun-

169 2038 277 2104 ‹lam
323 2048 391 2104 et
436 2048 734 2121 quartam
766 2041 1098 2107 decumam
1131 2041 1358 2107 itinere
1405 2040 1698 2107 terrestri
1726 2039 1796 2104 P.
1831 2039 2084 2105 Vitellio
2133 2039 2453 2105 ducendas

218 2321 265 2372 4.
304 2317 494 2387 inqens
531 2317 707 2372 animi
758 2318 864 2386 vgl.
901 2319 1033 2375 hist.
1079 2319 1175 2390 IV,
1225 2322 1294 2376 66

162 2405 328 2473 inqens
357 2422 555 2462 rerum.
629 2405 745 2463 Der
771 2407 904 2463 Gen.
941 2425 1043 2463 zur
1077 2406 1294 2478 Ergan-

82 2483 83 2486 ’
166 2510 295 2563 zung
327 2496 463 2550 eines
501 2496 662 2551 relat.
689 2496 817 2565 Adj.
856 2497 1031 2551 sehon
1067 2497 1152 2553 bei
1178 2497 1293 2553 Sal·

163 2581 264 2636 lust
294 2583 387 2638 und
422 2583 628 2651 LiviuS,
680 2599 768 2638 am
803 2583 1122 2652 haufigsten
1160 2585 1293 2641 aber

163 2669 235 2723 bei
266 2670 508 2726 Tacitus.

220 2761 260 2816 5.
292 2764 351 2812 ut
388 2759 514 2826 quis
550 2758 619 2816 K.
658 2762 744 2817 27.

219 2847 260 2900 6.
298 2846 349 2901 0.
385 2846 614 2900 Plinius
663 2846 760 2902 der
809 2848 1007 2918 altere,
1057 2848 1295 2905 welcher

167 2947 234 2986 um
264 2937 330 2988 50
362 2951 413 2989 n.
443 2934 573 2989 Chr.
608 2935 665 2989 in
692 2928 1071 2991 Deutsehland
1096 2936 1292 3005 diente,

165 3018 243 3095 hat,
272 3022 375 3078 alle
413 3022 543 3077 dort
578 3023 871 3091 geffihrten
896 3023 1096 3092 Kriege
1132 3024 1188 3078 in
1222 3028 1294 3080 20

163 3107 393 3166 ΒΐιοΙιοτιι
429 3111 819 3175 beschriebem
874 3111 972 3168 das
1010 3112 1184 3169 Werk
1218 3113 1293 3168 ist

162 3196 306 3253 leider
340 3201 592 3255 verloren
629 3214 930 3269 gegangen.

216 3306 256 3360 7.
288 3305 478 3360 laudes
505 3310 558 3360 et
580 3310 768 3375 qrates
794 3304 940 3361 bfter
957 3306 1293 3376 verbunden,

162 3394 243 3447 wie
298 3395 421 3462 XII,
484 3398 554 3451 37
625 3394 884 3449 laudibus
939 3394 1295 3464 qratibusque

160 3484 374 3537 ¹numerati
409 3487 557 3537 sunt.
630 3482 860 3537 Laudes
905 3483 1105 3537 habere
1153 3483 1296 3537 auch

161 3565 249 3623 Cic.
283 3571 353 3625 ad
378 3572 493 3625 Att.
530 3570 685 3638 XIII,
725 3573 794 3625 38
804 3589 818 3634 ;
868 3569 958 3626 bei
990 3575 1174 3639 yrates
1211 3586 1293 3624 er-

163 3666 335 3715 wartet
369 3674 499 3714 man
537 3674 712 3729 aqere,
764 3660 835 3714 da
872 3675 931 3715 es
968 3659 1064 3713 mit
1100 3658 1295 3712 habere

163 3747 476 3811 gewohnlioh
547 3748 606 3801 in
675 3747 911 3803 anderer
972 3745 1295 3815 Bedeutung

165 3834 309 3889 steht.
381 3835 505 3903 Vgl.
531 3834 651 3894 Liv.
690 3835 811 3903 VII,
838 3837 907 3890 36
943 3832 1132 3888 laudes
1163 3849 1294 3903 yra-

165 3924 323 3990 tesque
358 3927 566 3992 ayunt5
620 3923 829 3993 XXIII,
869 3927 932 3977 11
979 3927 1165 3993 yrates
1201 3922 1295 3991 aqi

166 4006 443 4077 haberique.
482 4009 667 4068 Plaut.
688 4010 836 4065 Trin.
861 4010 957 4077 IV,
979 4015 1028 4079 1,
1045 4015 1080 4065 2
1103 4009 1296 4064 laudes

165 4110 249 4165 ayo
279 4103 325 4152 et
357 4105 546 4169 yrates
577 4100 898 4168 qratiasque
932 4098 1118 4153 habea

222 4187 267 4242 9.
294 4193 581 4256 penetrare
617 4203 663 4241 c.
687 4202 802 4243 acc.
840 4186 983 4241 nach
1020 4186 1142 4242 dem
1162 4186 1297 4240 Vor-

169 4285 317 4341 gange
354 4275 450 4330 der
476 4275 707 4330 Dichter
744 4276 799 4330 in
824 4280 1078 4344 spaterer
1101 4274 1297 4341 Prosa,

1401 2320 1488 2375 bei
1526 2319 1589 2374 T.
1625 2334 1765 2388 ganz
1802 2317 2182 2388 regelmal'sig3
2238 2317 2343 2385 vgl.
2383 2317 2484 2384 111,
2521 2319 2560 2371 4

1406 2407 1683 2463 Tiberium
1734 2407 2061 2476 penetravit.
2136 2436 2202 2446 —
2275 2405 2560 2475 simplices,

1399 2495 1610 2551 welche
1635 2496 1817 2551 nichts
1845 2494 2080 2550 anderes
2105 2494 2445 2565 bezwecken,
2474 2495 2557 2549 als

1399 2598 1514 2639 was
1552 2599 1677 2637 man
1715 2599 1786 2638 an
1826 2582 1929 2639 den
1953 2583 2072 2652 Tag
2108 2582 2248 2652 legt:
2286 2583 2559 2652 arglos,

1400 2687 1436 2726 u
1452 2689 1489 2726 n
1505 2671 1619 2726 bef
1627 2686 1861 2740 angen.

1473 2763 1559 2815 12.
1631 2759 1945 2814 ambitiose.-
2015 2775 2132 2815 aus
2205 2760 2562 2816 Ehrsucht

1402 2846 1535 2902 oder
1583 2848 1639 2902 in
1677 2847 1775 2903 der
1810 2847 2274 2917 selbstsuchtigen
2311 2848 2562 2919 Absicht,

1401 2936 1524 2991 eine
1573 2934 1862 3004 politische
1899 2935 2058 2990 Rolle
2104 2951 2174 2989 zu
2212 2935 2442 3005 spielen.
2490 2966 2556 2975 —

1396 3022 1610 3093 qreyali
1645 3022 1839 3077 habitu
1875 3064 1889 3079 .
1915 3063 1928 3077 .
1968 3021 2277 3093 Galiqulam
2313 3023 2382 3082 K.
2417 3026 2506 3078 41.

1474 3132 1558 3184 15.
1596 3128 1933 3195 seditionem,
1972 3144 2077 3184 von
2111 3128 2345 3184 welcher
2383 3127 2451 3186 Κ.
2486 3131 2562 3184 40

1398 3217 1740 3288 gesprochen
1778 3215 1930 3271 wird.

1473 3327 1559 3379 17.
1583 3322 1793 3377 iaciens
1818 3322 1906 3377 ein
1929 3336 2053 3376 vom
2072 3320 2216 3376 Saen
2238 3320 2559 3390 hergenom-

1400 3426 1584 3466 menes
1622 3409 1774 3473 Bild;
1811 3408 1916 3477 vgl.
1942 3408 2035 3477 VI,
2054 3411 2123 3464 47
2158 3409 2365 3463 semina
2392 3410 2558 3465 iacie-

1400 3499 1622 3553 bantur.
1661 3526 1730 3537 —
1764 3497 1828 3549 in
1851 3495 2098 3566 tanqum.-
2134 3496 2234 3551 auf
2251 3498 2414 3566 lange
2436 3498 2560 3553 Zeit

1397 3602 1611 3656 vorsus,
1662 3602 1726 3641 so
1778 3584 1895 3640 dass
1946 3585 2031 3640 die
2077 3584 2212 3640 Saat
2255 3593 2376 3641 erst
2431 3588 2557 3643 weit

1400 3680 1595 3744 spater
1631 3673 1877 3743 ausging.
1935 3672 2204 3728 Derselbe
2240 3674 2558 3731 adverbiale

1400 3763 1703 3818 Ausdruck
1737 3778 1843 3818 von
1881 3761 1977 3818 der
2011 3762 2136 3817 Zeit
2171 3764 2314 3819 auch
2349 3764 2446 3832 111,
2471 3767 2557 3822 27.

1403 3851 1469 3921 V,
1505 3857 1561 3906 2.
1611 3850 1707 3917 XI,
1744 3853 1830 3905 20.
1867 3849 2017 3917 XIV,
2053 3853 2089 3904 4
2123 3867 2178 3906 u.
2216 3857 2290 3916 6.;
2335 3852 2558 3908 unklas·

1401 3940 1565 3998 sisch.
1602 3967 1670 3979 —
1703 3937 2015 3994 reconderet
2051 3938 2117 3994 K.
2155 3942 2205 3994 7.

1476 4096 1570 4167 70,
1606 4101 1659 4151 2.
1732 4097 1802 4154 Ρ.
1849 4095 2112 4162 Vitellius,
2150 4097 2557 4168 Legionslegat,

1404 4184 1598 4240 Oheim
1653 4184 1749 4240 des
1807 4190 2033 4253 spatern
2084 4184 2309 4241 Kaisers
2360 4186 2428 4242 A.
2466 4186 2558 4239 Vi·

1403 4272 1610 4330 tellius.
