2992 4825
455 190 539 253 52
1377 200 1545 256 Liber
1581 201 1626 256 1.
1686 199 1819 270 Cap.
1855 204 1944 257 47.

557 341 844 422 inermia,
912 344 1312 408 cunctatione
1365 340 1516 409 ficta
1577 340 1958 422 ludificetur,
2026 344 2331 410 dissideat
2387 346 2645 411 interim
2706 345 2886 410 miles

487 473 522 527 5
555 467 762 531 neque
808 448 1076 513 duorum
1131 447 1625 514 adulescentium
1685 447 1964 514 nondum
2008 449 2236 514 adulta
2278 452 2673 517 auctoritate
2723 469 2886 517 com·

556 556 745 639 primi
788 560 999 636 queat.
1087 554 1181 618 ire
1224 555 1431 635 ipsum
1477 559 1547 619 et
1588 572 1910 638 opponere
1956 555 2356 621 maiestatem
2399 556 2883 640 imperatoriam

558 661 855 728 debuisse
899 660 1190 738 cessuris,
1248 658 1359 725 ubi
1403 659 1754 743 principem
1795 660 1986 741 longa
2043 663 2436 742 experientia
2479 662 2887 744 eundemque

554 767 913 834 severitatis
971 770 1038 832 et
1088 763 1554 830 munificentiae
1613 783 1926 830 summum
1971 766 2297 834 vidissent.
2389 787 2472 832 an
2517 769 2882 850 Augustum

553 874 724 941 fessa
765 877 979 940 aetate
1018 871 1253 938 totiens
1297 871 1361 936 in
1393 870 1770 937 Germanias
1815 890 2166 938 commeare
2195 875 2510 954 potuisse:
2555 874 2880 940 Tiberium

455 1004 521 1055 10
554 981 873 1063 vigentem
926 978 1110 1043 annis
1168 976 1395 1042 sedere
1452 978 1520 1042 in
1565 985 1812 1057 senatu,
1875 979 2072 1044 verba
2115 984 2376 1062 patrum
2422 979 2882 1046 cavillantem?

553 1089 709 1152 satis
739 1090 1145 1170 prospectum
1174 1083 1458 1148 urbanae
1484 1084 1812 1148 servituti:
1843 1084 2224 1150 militaribus
2254 1085 2482 1151 animis
2513 1086 2878 1152 adhibenda

553 1191 847 1272 fomenta,
892 1198 967 1255 ut
1009 1188 1175 1256 ferre
1217 1207 1438 1270 pacem
1482 1189 1699 1254 velint.

728 1305 834 1364 47.
880 1297 1193 1361 Inmotum
1236 1296 1545 1360 adversus
1587 1313 1699 1360 eos
1743 1313 2067 1362 sermones
2110 1295 2430 1379 fixumque
2458 1298 2721 1362 Tiberio
2765 1295 2873 1363 fuit

553 1422 679 1470 non
721 1405 1017 1469 omittere
1058 1405 1250 1484 caput
1276 1419 1492 1466 rerum
1535 1418 1738 1482 neque
1781 1418 1851 1466 se
1880 1420 2141 1482 remque
2178 1403 2501 1485 publicam
2546 1405 2609 1469 in
2664 1421 2868 1468 casum

553 1510 727 1576 dare.
815 1508 1018 1573 multa
1063 1507 1295 1589 quippe
1339 1512 1404 1572 et
1447 1506 1700 1571 diversa
1742 1507 2106 1588 angebant:
2152 1508 2420 1573 validior
2464 1528 2581 1591 per
2612 1508 2866 1574 Germa-

550 1619 720 1682 niam
750 1615 1081 1694 exercitus‚
1128 1613 1389 1697 propior
1433 1612 1604 1694 apud
1635 1611 2057 1691 Pannoniam;
2104 1612 2214 1679 ille
2246 1614 2601 1680 Galliarum
2651 1617 2864 1696 opibus

481 1744 514 1796 5
550 1723 871 1801 subnixus,
930 1719 1036 1785 hic
1079 1718 1303 1785 Italiae
1347 1719 1696 1783 inminens:
1758 1735 1916 1799 quos
1962 1719 2160 1801 igitur
2205 1719 2555 1786 anteferret
2570 1720 2601 1784 ‘2
2675 1741 2752 1786 ac
2793 1740 2859 1785 ne

548 1827 883 1912 postpositi
926 1825 1307 1891 contumelia
1340 1824 1852 1890 incenderentur.
1944 1830 2012 1889 at
2056 1843 2172 1906 per
2214 1823 2380 1891 filios
2423 1828 2671 1909 pariter
2718 1827 2858 1891 adiri

549 1935 877 1999 maiestate
906 1931 1103 2011 salva,
1152 1934 1254 1997 cui
1299 1932 1498 1997 maior
1544 1950 1580 1995 e
1623 1929 1965 2013 longinquo
2012 1933 2388 1998 reverentia.
2480 1931 2674 1996 simul
2719 1932 2859 1997 adu·

547 2040 931 2106 lescentibus
974 2044 1341 2103 excusatum
1386 2037 1699 2120 quaedam
1744 2036 1827 2100 ad
1871 2044 2121 2117 patrem
2165 2037 2420 2116 reicere,
2483 2038 2858 2103 resistentis-

548 2165 670 2228 que
701 2144 1076 2210 Germanico
1108 2147 1221 2208 aut
1252 2144 1459 2209 Druso
1488 2159 1675 2225 posse
1720 2159 1761 2207 a
1805 2159 1875 2206 se
1907 2143 2190 2223 mitigari
2235 2142 2335 2207 vel
2365 2141 2659 2225 infringi:
2706 2144 2854 2225 quod

446 2271 513 2323 10
547 2252 719 2318 aliud
763 2249 1134 2329 subsidium,
1194 2250 1250 2314 si
1291 2250 1741 2332 imperatorem
1787 2249 2174 2330 sprevissent
2193 2247 2226 2311 ’ἓ
2293 2252 2576 2313 ceterum
2623 2254 2701 2314 ut
2744 2252 2851 2314 iam

443 2439 585 2485 etwa
608 2427 800 2484 Hauf
804 2445 835 2484 e
851 2446 886 2483 n
923 2426 1057 2483 oder
1078 2425 1235 2480 Teile
1272 2424 1367 2481 des
1388 2426 1598 2480 Staats-

440 2519 675 2588 korpers
711 2517 835 2586 (vgl.
870 2517 937 2571 Κ.
976 2517 1008 2569 7
1056 2520 1283 2569 senatus
1315 2514 1468 2568 miles
1497 2528 1598 2582 po-

427 2606 647 2678 padus).

509 2717 562 2772 4.
597 2712 939 2766 cunctatione
969 2710 1100 2777 fieta
1133 2707 1444 2774 ludificetur
1488 2707 1598 2776 vgl.

438 2802 507 2856 K.
537 2806 623 2857 11.
658 2830 728 2841 —
763 2797 1029 2853 dissidere
1063 2799 1161 2852 πίε
1197 2797 1265 2850 K.
1290 2799 1355 2851 16
1390 2796 1596 2850 discor·

439 2890 573 2944 dare
607 2905 716 2944 von
750 2887 1108 2943 Mentereien.

510 3000 559 3050 7.
604 2994 702 3049 ubi
752 2994 895 3048 beim
938 2993 1091 3048 Part.
1128 2992 1254 3046 Fut.
1293 2991 1441 3061 Akt,
1494 2993 1597 3047 wie

436 3083 507 3142 Κ.
549 3086 614 3138 17
648 3081 714 3136 si.

1774 2427 1829 2477 2.
1862 2428 2031 2491 eaput
2054 2438 2269 2477 rerum.-
2304 2424 2463 2480 Rom.
2492 2453 2552 2463 ——
2594 2425 2663 2478 in
2686 2441 2850 2479 casum
2909 2493 2910 2496 Ἴ

1703 2510 1839 2565 dare
1875 2533 1940 2557 =
1979 2512 2229 2567 fortunae
2266 2516 2628 2569 committere.

1774 2602 1822 2653 3.
1861 2600 2062 2668 quippe
2096 2601 2485 2670 nachgestellt,
2521 2603 2624 2656 wie
2663 2605 2787 2670 Agr.
2817 2605 2843 2655 3

1702 2703 1757 2745 u.
1794 2691 1842 2741 ὃ.
1893 2717 1956 2728 -
2007 2705 2111 2756 per
2146 2730 2162 2744 .
2193 2730 2207 2744 .

1698 2774 2118 2845 Abwechslung.

1773 2867 1824 2917 5.
1862 2880 1997 2931 quos
2033 2873 2102 2919 st.
2129 2872 2303 2934 utros,
2342 2866 2556 2921 einzeln
2578 2867 2747 2921 schon
2768 2865 2830 2919 bei

1703 2949 1893 3006 Cicero
1941 2951 2055 3006 und
2103 2952 2275 3007 Casar
2323 2954 2400 3019 (b.
2446 2970 2497 3022 g.
2553 2955 2619 3023 V,
2658 2958 2726 3008 44
2764 2953 2829 3023 qui

1699 3040 2105 3108 anteferretur).
2155 3071 2224 3080 -·
2273 3056 2342 3094 ac
2377 3042 2525 3097 dient
2561 3060 2662 3097 zur
2697 3042 2832 3097 nach·

1702 3127 2059 3183 drucklichen
2096 3128 2445 3197 Einfuhrung
2495 3131 2647 3186 eines
2683 3145 2832 3185 neuen

2251 2691 2409 2758 apud
2462 2690 2721 2746 Vorliebe
2770 2690 2841 2744 fur

507 3191 559 3246 8·
593 3203 873 3253 Summum,
909 3186 1032 3243 dem
1070 3187 1157 3243 die
1192 3187 1424 3243 h⁴3⁰h⁸t³
1458 3187 1594 3242 ΕΜ·
1700 3216 2006 3270 Momentes
2069 3215 2167 3271 der
2221 3216 2446 3271 Furcht.
2520 3219 2654 3272 Man
2709 3219 2832 3271 kann
2905 3173 2906 3268 i

436 3275 734 3346 scheidung
766 3277 906 3332 iiber
939 3282 1110 3331 etwas
1147 3275 1385 3331 zusteht.

505 3383 557 3435 9.
588 3381 736 3447 fessa
771 3386 948 3434 aetate
991 3381 1079 3435 bei
1115 3381 1243 3435 Tac.
1279 3381 1427 3436 ofter
1466 3380 1589 3449 (111,

436 3472 535 3532 593
582 3468 730 3536 XIV,
767 3471 862 3537 533
914 3467 1032 3537 XV,
1069 3470 1164 3537 38)
1228 3474 1372 3523 statt
1410 3468 1591 3535 fessus

439 3562 617 3612 aetate
630 3576 647 3611 .·
685 3557 1133 3625 ,alterschwach‘.
1440 3561 1448 3570 “

507 3667 592 3721 12.
635 3677 845 3730 pacem,
903 3663 1000 3718 der
1044 3663 1205 3718 keine
1250 3663 1426 3719 Beute
1473 3663 1589 3717 ein-

437 3752 657 3807 brachte
712 3750 843 3819 (vgl.
880 3751 950 3806 K.
991 3755 1057 3805 17
1104 3750 1337 3805 sterilem
1374 3748 1589 3821 pacem)

432 3839 545 3896 und
634 3838 803 3894 leicht
887 3855 958 3892 zu
1028 3839 1589 3906 Ausgelassenheiten

428 3928 636 3985 fuhrte.

500 4106 595 4175 47,
635 4108 682 4158 1.
742 4102 1003 4156 immotum
1050 4142 1063 4157 .
1090 4142 1105 4157 .
1154 4100 1430 4170 fimumque
1485 4102 1588 4156 wie

431 4191 593 4260 Verg.
630 4193 698 4248 A.
736 4190 831 4260 IV,
871 4193 938 4245 15
975 4190 1022 4246 si
1067 4190 1201 4244 mihi
1246 4206 1355 4244 non
1408 4191 1588 4246 animo

426 4280 599 4346 fixum
633 4279 999 4346 inmotumque
1035 4278 1270 4334 sederet.

1695 3309 1988 3371 erganzen:
2022 3319 2088 3356 ae
2113 3304 2160 3357 si
2184 3303 2511 3359 alterutrum
2531 3306 2834 3374 praeferret,

1692 3392 1931 3460 angebat
1968 3407 2092 3446 eum
2127 3399 2321 3461 metus,
2356 3409 2439 3447 ne.

1765 3484 1814 3534 7.
1853 3480 1944 3534 cm·
1969 3522 1982 3534 .
2004 3520 2017 3533 .
2043 3480 2343 3534 reverentia
2362 3481 2522 3536 relat.
2544 3483 2830 3537 Nebensstz

1694 3568 1844 3622 einer
1880 3583 1957 3622 or.
1994 3568 2098 3623 obl.
2138 3568 2279 3623 ohne
2315 3575 2470 3636 esset,
2520 3570 2620 3625 πίε
2655 3570 2741 3638 IV,
2774 3570 2829 3624 39

1694 3655 1842 3723 quod
1900 3656 2343 3724 pulcherrimum,
2414 3657 2684 3727 adeptum.
2769 3659 2828 3711 43
2901 3683 2902 3688 κ

1693 3760 1904 3813 aqu-um,
1940 3744 2003 3797 in
2037 3761 2145 3813 quo
2179 3745 2242 3799 id
2276 3745 2570 3813 delubrum,
2617 3747 2824 3800 cessisse.

1693 3831 1814 3900 XV,
1833 3833 1902 3886 55
1939 3847 2079 3900 quae
2098 3847 2317 3899 vacuae,
2338 3849 2433 3886 eas
2449 3834 2698 3901 publicas
2718 3846 2825 3887 esse.

1763 3923 1815 3974 8.
1855 3926 2203 3975 eaecusatum:
2256 3922 2822 3989 gerechti'ertigt.

1694 4008 1816 4077 Vgl.
1860 4009 1962 4078 111,
1996 4011 2068 4064 68
2125 4024 2233 4078 quo
2280 4013 2597 4065 masatius
2644 4010 2820 4076 accipe·

1693 4102 1904 4155 rentur.

1767 4190 1849 4243 10.
1885 4192 1949 4240 ut
1983 4188 2084 4241 mit
2110 4186 2230 4242 dem
2257 4187 2409 4243 Part.
2437 4188 2581 4255 Fut„
2617 4187 2711 4241 wie
2733 4176 2814 4249 ὥς,
2897 4173 2898 4180 ¹

1690 4273 1864 4330 findet
1901 4275 2021 4331 sich
2057 4281 2171 4331 erst
2207 4277 2313 4331 seit
2348 4276 2554 4332 Livius.
