2992 4825
443 219 526 279 28

1197 231 1374 286 Taciti
1410 217 1706 286 Germania
1744 248 1789 286 c.
1834 235 1898 287 14
1937 248 1987 287 u.
2030 236 2112 287 15.

545 376 732 455 turpe
801 372 1133 440 comitatui
1177 350 1475 437 ‘virtutem
1547 372 1845 455 principis
1890 390 2016 440 non
2062 374 2473 455 adaequare.⁴
2559 373 2728 437 Iam
2782 391 2903 437 vero

545 477 775 544 infame
820 479 885 544 in
931 497 1180 544 omnem
1210 479 1404 545 vitam
1450 497 1526 545 ac
1565 478 1938 561 probrosum
1983 479 2394 562 superstitem
2447 479 2763 561 principi
2809 495 2896 542 suo

546 602 623 648 ex
668 585 805 660 acie
850 585 1222 665 recessisse;
1312 584 1489 649 illum
1555 583 1912 665 defendere,
1976 583 2163 663 tueri,
2228 596 2370 649 sua·-
2390 602 2688 666 quoque
2735 583 2898 648 fortia

477 713 510 764 5
545 686 719 754 facta
747 689 990 771 gloriae
1021 691 1158 755 eius
1189 671 1524 772 adsignare
1555 690 1964 772 praecipuum
1998 694 2475 756 sacramentum
2506 696 2649 755 est.
2741 689 2894 753 Prin-

548 793 723 876 cipes
782 811 898 875 pro
944 796 1211 861 victoria
1255 800 1561 877 pugnant,
1631 796 1893 860 comites
1941 812 2056 877 pro
2103 795 2410 878 principe.

2525 795 2605 860 Si
2671 794 2894 871 civitas,

546 900 609 963 in
656 917 783 980 qua
829 900 953 964 orti
998 906 1165 980 sunt,
1213 900 1406 983 longa
1445 918 1603 982 pace
1647 905 1714 994 et
1743 901 1872 965 otio
1918 906 2191 982 torpeat,
2238 899 2547 981 plerique
2597 899 2892 965 nobilium

549 1004 1048 1070 adulescentium
1095 1010 1324 1087 petunt
1366 1005 1536 1070 ultro
1584 1023 1693 1070 eas
1723 1007 2032 1085 nationeS,
2080 1023 2243 1087 quae
2286 1011 2429 1071 tum
2484 1005 2754 1070 bellum
2800 1004 2891 1068 ali·

547 1109 715 1194 quod
760 1116 1010 1191 gerunt,
1077 1112 1228 1192 quia
1272 1117 1340 1176 et
1382 1112 1636 1193 ingrata
1678 1111 1853 1192 genti
1909 1111 2085 1193 quies
2130 1115 2196 1177 et
2258 1110 2517 1176 facilius
2573 1112 2763 1176 inter
2801 1127 2888 1174 an·

447 1231 514 1281 lo
549 1215 767 1297 cipitia
827 1215 1185 1282 clarescunt
1245 1235 1670 1302 magnumque
1716 1216 2082 1282 comitatum
2128 1235 2252 1280 non
2310 1217 2435 1281 nisi
2484 1217 2557 1280 vi
2610 1216 2888 1297 belloque

477 1388 481 1392 ,
549 1326 786 1388 tueare.
878 1320 1161 1403 Exigunt
1214 1323 1377 1387 enim
1420 1343 1462 1386 a
1509 1322 1806 1404 principis
1874 1322 1973 1386 sui
2018 1321 2402 1388 liberalitate
2451 1321 2658 1386 illum
2718 1320 2887 1386 bella·

548 1431 751 1491 torem
815 1444 1041 1508 equum
1064 1477 1079 1507 ,
1158 1427 1329 1492 illam
1397 1433 1732 1493 cruentam
1800 1427 2248 1508 victricemque
2311 1425 2690 1510 frameam3
2764 1444 2884 1491 nam

549 1531 773 1612 epulae
818 1537 884 1595 et
929 1549 1307 1613 quamquam
1353 1533 1677 1615 incompti,
1733 1532 1898 1615 largi
1945 1539 2159 1598 tamen
2206 1537 2567 1613 apparatus
2623 1552 2752 1614 pro
2796 1533 2884 1597 sti-

547 1636 775 1716 pendio
808 1636 1061 1704 cedunt.
1140 1637 1411 1702 Materia
1441 1636 1910 1704 munificentiae
1954 1656 2071 1720 per
2115 1637 2281 1703 bella
2310 1643 2378 1702 et
2406 1642 2683 1719 raptus.
2779 1626 2884 1702 Nec

447 1759 512 1809 15
550 1759 736 1807 arare
783 1747 1019 1807 terram
1052 1748 1166 1807 aut
1197 1748 1564 1825 exspectare
1595 1761 1829 1809 annum
1862 1748 2009 1808 tam
2041 1740 2224 1808 facile
2254 1746 2677 1824 persuaseris
2712 1762 2881 1825 quam

442 1951 567 2004 batz
606 1951 695 2004 ein
737 1951 973 2005 Prasens
1000 1967 1105 2006 von
1141 1951 1638 2019 allgemeiner·

446 2037 789 2107 Bedeutung.

379 2163 387 2171 .
421 2154 428 2161 ·
513 2128 565 2179 4.
607 2124 888 2192 defendere
925 2126 1186 2182 schutzen
1238 2144 1410 2196 gegen
1446 2128 1602 2184 wirk·

442 2213 606 2282 liche,
644 2214 791 2267 tueri
813 2231 987 2283 gegen
1015 2215 1281 2283 mogliche
1307 2216 1603 2274 Gefahren.

515 2304 562 2356 5.
582 2302 943 2370 praecipuum
959 2309 1355 2357 sacramentum
1376 2305 1462 2358 die
1480 2322 1603 2360 vor-

442 2390 748 2460 ziiglichste
780 2390 1227 2461 Kriegerpflicht,
1266 2380 1354 2447 die
1392 2392 1604 2460 Haupt·

448 2479 612 2533 sache
651 2479 749 2533 der
788 2479 1197 2556 Dienstpflicht.

440 2652 485 2704 11)
512 2652 727 2707 rampant
752 2653 962 2698 vernulam
989 2665 1072 2698 nn
1090 2654 1250 2698 illati-itt
1275 2653 1316 2697 111
1342 2654 1425 2697 elac
1453 2653 1603 2708 θείως-

427 2723 1560 2785 ‚mmmnuaerzanptuetetatemttelm

761 2793 984 2838 liutei-halt·
1011 2795 1078 2838 ἀοι
1107 2794 1296 2848 Geioloeu.

516 2886 564 2936 7.
593 2898 735 2950 paee
770 2889 823 2937 et
857 2884 1000 2937 otio.-
1046 2882 1272 2938 ¹{iussere
1318 2900 1363 2937 u.
1414 2884 1604 2938 innere

443 2969 618 3025 Ruhe.

416 3124 427 3133 ι
504 3057 756 3125 plerique
824 3057 1094 3112 nobilium
1164 3057 1603 3124 adulescentium,

445 3147 672 3201 comites
712 3148 863 3201 eines
918 3147 1231 3214 machtigen
1267 3146 1606 3215 Hauptlings

445 3234 500 3286 in
537 3233 588 3288 d.
627 3235 861 3290 Fremde
907 3235 1132 3304 (waitz,
1171 3234 1234 3288 V.
1275 3234 1337 3289 G.
1376 3233 1422 3300 Ι,
1459 3234 1605 3304 263).

446 3321 668 3376 Andere
706 3323 996 3377 verstehen
1025 3323 1291 3376 darunter
1326 3322 1607 3390 principes

447 3408 581 3462 oder
601 3409 741 3464 doch
762 3411 966 3475 solche‚
990 3408 1078 3463 die
1097 3424 1156 3465 es
1176 3409 1230 3462 in
1259 3408 1355 3464 der
1375 3408 1636 3463 Fremde·

437 3496 666 3550 ⁴werden
704 3497 917 3552 wollen.
1059 3552 1073 3575 ι
1623 3545 1630 3551 .

514 3586 565 3645 8.
595 3589 797 3651 petunt
831 3584 1006 3638 ultro:
1063 3582 1306 3652 begeben
1357 3584 1476 3639 sich
1512 3582 1613 3638 auf

448 3672 640 3739 eigene
677 3672 854 3729 Hand.

515 3762 565 3814 9.
621 3759 768 3814 inter
821 3759 1093 3827 ancipitia
1130 3760 1267 3814 auch
1324 3775 1451 3816 ann.
1507 3759 1603 3828 XI,

443 3850 513 3901 26
561 3848 670 3901 und
707 3848 837 3903 hist.
873 3846 974 3916 ΙΙΙ,
1008 3851 1093 3903 40.
1165 3833 1439 3915 fibrigens
1488 3863 1608 3902 ver-

444 3935 628 3990 bindet
682 3935 802 4002 sich
856 3935 1004 3988 inter
1062 3952 1165 3989 zur
1224 3935 1607 4003 Bezeichnung

444 4024 594 4079 eines
650 4024 759 4078 Zu-
815 4023 948 4077 oder
1013 4022 1345 4078 Umstandes
1367 4064 1382 4092 ,
1446 4032 1608 4077 unter

443 4110 704 4166 welchem
730 4118 900 4165 etwas
927 4109 1257 4177 stattfindet,
1292 4127 1398 4165 nur
1426 4111 1607 4166 selten

446 4199 545 4252 mit
592 4200 768 4254 subst.
807 4198 1159 4267 AdJektiven,
1216 4199 1329 4252 wie>
1370 4198 1609 4253 adversa

443 4284 577 4339 hist.
616 4285 686 4351 11,
726 4290 811 4354 23,
849 4290 1085 4340 extrema
1120 4302 1247 4341 ann.
1284 4286 1380 4355 XI,
1418 4290 1501 4341 37.

1783 1953 1865 2007 1οζ
1903 1952 2206 2018 clarescere,
2229 1953 2328 2006 wie
2362 1969 2489 2007 ann.
2526 1952 2638 2022 IV,
2681 1957 2769 2023 52,
2803 1952 2882 2018 IX,

1713 2045 1779 2095 16
1817 2046 1959 2095 statt
1994 2040 2346 2094 inclarescere
2381 2042 2543 2107 (Agr.
2589 2044 2715 2110 42).

1786 2132 1867 2183 11.
1921 2132 2138 2194 tueare,
2195 2127 2304 2196 vgl.
2341 2129 2404 2194 6,
2467 2131 2535 2181 18
2598 2128 2878 2182 dummodo

1709 2213 1895 2268 instes.

1782 2301 2085 2355 bellatorem
2134 2318 2355 2370 equum.-
2409 2302 2444 2356 S
2469 2310 2495 2356 t
2516 2320 2546 2356 r
2566 2320 2604 2357 e
2627 2306 2649 2358 i
2671 2312 2696 2358 t
2715 2322 2746 2359 r
2762 2322 2793 2359 o
2809 2305 2875 2360 [ε.

1711 2389 1827 2446 Das
1863 2389 2017 2444 illum
2056 2391 2376 2449 bezeichnet
2423 2391 2517 2446 die
2553 2392 2875 2461 Belohnung

1710 2479 1794 2534 als
1830 2479 2073 2534 bekannt
2109 2479 2220 2534 und
2256 2481 2571 2548 geschatzt.

1784 2570 1866 2621 12.
1902 2582 2033 2620 nam
2069 2567 2189 2636 fngt
2227 2568 2347 2622 dem
2372 2567 2872 2636 Vorhergehenden

1710 2655 1799 2708 ein
1836 2655 2110 2709 naturlich
2148 2655 2287 2709 dazu
2323 2655 2651 2724 geboriges‚
2697 2656 2870 2711 selbst-

1710 2741 2145 2797 verstandliches
2183 2743 2428 2798 Moment
2463 2743 2661 2798 hinzu.
2813 2806 2820 2815 .

1784 2833 1871 2889 13.
1923 2831 2114 2899 epulae
2158 2832 2331 2886 naher
2379 2832 2677 2886 bestimmt
2714 2832 2867 2886 durch

1711 2924 1762 2971 et
1787 2919 1932 2987 „und
1958 2919 2157 2973 zwar“.
2229 2919 2576 2973 Mahlzeiten
2616 2920 2744 2974 sind
2778 2920 2867 2974 den

1713 3006 2209 3075 Auszeichnungen
2265 3006 2354 3060 fiir
2423 3007 2682 3062 einzelne
2735 3007 2866 3062 nicht

1711 3093 2095 3158 beizuzahlem
2162 3094 2354 3150 denn
2416 3095 2498 3148 sie
2556 3095 2747 3163 gelten
2796 3096 2866 3150 als

1714 3180 1843 3236 Sold
1880 3180 1969 3234 fur
2007 3181 2132 3237 alle.

1787 3270 1870 3324 14.
1929 3268 2111 3323 cedere
2136 3283 2280 3337 pro.-
2333 3268 2423 3322 fur
2459 3277 2637 3324 etwas
2678 3270 2863 3338 gelten,

1715 3358 1858 3413 ohne
1896 3345 1974 3411 es'
1995 3372 2061 3410 zu
2099 3357 2235 3411 sein.
2307 3355 2574 3425 Dagegen
2599 3357 2782 3411 cedere
2814 3358 2862 3410 in

1713 3462 1760 3500 z.
1800 3445 1862 3498 B.
1902 3446 2161 3512 pretium,
2207 3442 2503 3512 praedam.-
2582 3444 2671 3499 als
2711 3446 2862 3512 PreiS,

1716 3533 1889 3587 Beute
1924 3531 2179 3587 zufallen.
2253 3530 2373 3598 Vgl.
2412 3547 2460 3585 c.
2498 3533 2586 3585 36.

1782 3618 2047 3672 materia.-
2084 3618 2295 3693 Mutela

1783 3712 2013 3774 raptus:
2052 3706 2234 3761 Raub·
2272 3706 2406 3761 oder
2443 3706 2779 3776 Beutezflge.

1711 3932 2857 3990 enini-xrlcoelstoineohmvollcnoechfflmffl

2168 4004 2425 4060 enectum.

1786 4114 1869 4165 15.
1926 4128 2164 4165 annum.-
2219 4110 2565 4179 den·Ertrag
2617 4113 2751 4167 oder
2781 4113 2852 4167 die

1713 4199 1958 4254 Frnchte
1995 4200 2090 4254 des
2126 4199 2343 4256 Jahres.
2403 4199 2527 4279 Vgl.
2565 4201 2750 4267 Agric.
2782 4204 2849 4255 31.
2951 4256 2954 4299 Ι

1755 4332 1760 4337 ,
1776 4287 2126 4355 persuaseris
2151 4287 2207 4341 in
2226 4288 2324 4342 der
2341 4286 2666 4357 Bedeutung
2691 4289 2852 4344 iiber·
2951 4324 2954 4333 ‹
