2992 4825
413 248 498 308 30
1167 255 1353 313 Taciti
1385 258 1681 313 Germania
1717 274 1764 312 c.
1809 261 1869 312 16
1907 274 1958 311 ιι.
2001 262 2081 312 17.

519 419 687 483 gum,
732 399 900 481 quod
945 416 1060 480 pro
1107 398 1344 465 honore
1388 404 1716 481 acceptum
1764 399 1955 464 etiam
2000 397 2512 464 necessitatibus
2557 396 2885 462 subvenit.

520 505 815 570 Gaudent
860 504 1201 585 praecipue
1246 502 1654 570 finitimarum
1700 505 1984 586 gentium
2032 503 2231 582 donia
2279 522 2459 584 quae
2511 521 2659 567 non
2707 500 2884 566 modo

418 630 484 680 10
517 630 557 676 a
603 610 885 692 singulis,
949 609 1060 673 sed
1107 614 1173 672 et
1218 610 1464 690 publice
1510 610 1868 690 mittuntur,
1915 609 2096 674 electi
2142 609 2309 690 equi,
2371 626 2643 688 magna
2691 625 2884 683 arma,

519 715 817 798 phalerae
862 720 1271 795 torquesque;
1321 715 1446 780 iam
1495 720 1564 779 et
1607 716 1941 797 pecuniam
1990 714 2274 796 accipere
2323 713 2714 778 docuimus,

673 933 745 998 b)
795 933 1254 1001 Schilderung
1298 933 1420 988 des
1465 932 1876 989 hausliohen
1921 932 2187 988 Lebens
2236 923 2320 1007 (c.
2378 922 2730 1009 16—27).

1284 1117 1293 1124 ,
1395 1062 1455 1117 1.
1497 1062 1961 1133 Wohnung.

700 1174 800 1238 16.
849 1169 1070 1235 Nullas
1104 1168 1564 1234 Germanorum
1596 1170 1844 1268 populis
1869 1158 2079 1235 'urbes
2111 1168 2387 1234 habitari
2423 1169 2608 1234 satis
2661 1175 2878 1234 notum

425 1347 429 1351 ,
519 1281 636 1356 est,
682 1294 763 1340 ne
809 1277 945 1357 pati
991 1275 1243 1357 quidem
1288 1275 1456 1340 inter
1502 1294 1573 1340 se
1618 1277 1866 1340 iunctas
1898 1275 2098 1341 sedeS.
2192 1272 2431 1340 Colunt
2483 1274 2780 1340 discreti
2815 1292 2878 1338 ac

520 1381 768 1458 diversi,
829 1386 902 1446 ut
947 1379 1104 1460 ῑοῐιε,
1170 1384 1241 1445 ut
1287 1399 1566 1462 campuS‚
1639 1385 1711 1446 ut
1754 1371 1977 1445 nemus
2025 1380 2281 1460 placuit.

2379 1379 2590 1445 Vicos
2633 1430 2638 1433 .
2670 1380 2877 1462 locant

519 1504 645 1551 non
690 1487 756 1550 in
788 1492 1075 1550 nostrum
1109 1504 1348 1563 morem
1384 1487 1634 1552 conexis
1664 1492 1731 1551 et
1762 1485 2242 1552 cohaerentibus
2275 1483 2643 1565 aedificiis;
2698 1504 2873 1551 suam

449 1611 482 1661 5
520 1592 785 1673 quisque
851 1592 1101 1656 domum
1167 1592 1374 1672 spatio
1433 1592 1797 1671 circumdat,
1863 1593 1995 1657 sive
2058 1591 2366 1655 adversus
2433 1604 2648 1655 casus
2720 1592 2876 1674 ignis

518 1696 864 1761 remedium
928 1696 1058 1761 sive
1118 1696 1372 1760 inscitia
1433 1693 1828 1774 aedificandi.

1923 1695 2016 1761 Ne
2059 1689 2537 1761 caementorum
2616 1698 2874 1778 quidem

521 1802 690 1883 apud
735 1801 875 1866 illos
923 1805 1034 1866 aut
1079 1801 1437 1883 tegularum
1484 1820 1664 1884 usus;
1735 1802 2000 1867 materia
2044 1800 2128 1866 ad
2182 1801 2392 1866 omnia
2439 1806 2748 1866 utuntur
2793 1803 2874 1867 in·

363 2020 369 2025 ’
413 2027 804 2090 titatsnomem
844 2026 949 2094 vgl.
999 2026 1125 2080 hist.
1172 2025 1247 2094 11,
1284 2030 1355 2081 44
1387 2043 1577 2095 super·

417 2129 540 2168 esse
614 2105 846 2168 militum
907 2113 1052 2181 quod
1124 2121 1281 2168 trans
1365 2114 1578 2168 Padum

412 2201 599 2257 fuerit.
1352 2261 1361 2268 ,

484 2293 535 2345 8.
563 2304 674 2357 pro
708 2290 938 2342 honore.-
994 2289 1102 2343 als
1145 2289 1577 2356 Ehrengabe.

454 2381 534 2434 ·9.
573 2393 688 2431 non
722 2376 879 2431 modo
918 2419 930 2431 .
971 2418 983 2432 .
1021 2376 1114 2430 sed
1151 2379 1217 2444 e't,
1277 2376 1451 2432 woffir
1491 2377 1579 2450 hei

416 2467 593 2521 einem
654 2464 979 2533 Aufsteigen
1039 2482 1158 2520 vom
1221 2464 1574 2520 Besond'eren

412 2571 546 2608 zum·
570 2554 948 2621 Allgemeinen
1001 2553 1057 2606 in
1105 2552 1203 2608 der
1253 2554 1424 2621 Regel
1471 2570 1576 2607 nur

342 2682 345 2685 -
412 2641 509 2696 sed
545 2643 711 2709 steht,
750 2641 923 2696 findet
961 2641 1079 2696 sich
1119 2642 1258 2696 auch
1285 2658 1329 2698 c.
1358 2644 1425 2695 35
1463 2641 1576 2696 und

415 2747 540 2786 ann.
577 2730 723 2795 xlv,
780 2732 848 2784 29
886 2744 994 2782 non
1047 2729 1205 2784 modo
1243 2730 1390 2782 inter
1425 2729 1572 2796 lega-

415 2826 530 2873 tum
614 2823 1140 2885 procuratoremque
1182 2855 1190 2861 .
1225 2816 1575 2870 concordiam

324 2971 329 2976 ,
416 2906 581 2975 gigni,
645 2905 739 2959 sed
795 2910 851 2957 et
911 2903 1150 2958 rebelles
1212 2904 1576 2958 harbarorum

420 2995 627 3081 animos
662 3007 799 3061 pace
837 2993 1103 3059 componi.

352 3114 361 3123 ·
489 3086 571 3136 10.
625 3080 776 3135 electi
819 3079 960 3147 equi,
1016 3094 1234 3147 mayna.
1274 3095 1429 3131 arma
1467 3078 1574 3147 vgl.

414 3170 540 3224 hist.
578 3168 607 3221 I
642 3171 712 3223 88
757 3166 1052 3235 conspicua
1100 3182 1275 3235 arma,
1332 3166 1611 3236 insiynes·

417 3272 599 3326 equos
1285 3289 1318 3314 .-

489 3349 572 3398 11.
602 3342 899 3411 phalerae.-
961 3340 1361 3407 Brustschilde,
1400 3342 1577 3395 runde

416 3424 707 3486 Plattc'hen
756 3446 859 3484 von
896 3428 1074 3484 Silher
1125 3429 1262 3483 oder·
1296 3428 1439 3483 Gold
1476 3430 1578 3482 mit

413 3518 722 3587 passenden
760 3519 1103 3582 Emblemen3
1164 3523 1380 3586 torques
1416 3518 1577 3572 Hals-

414 3608 539 3676 r‘ing
593 3606 726 3661 oder
786 3606 957 3662 Kette
1013 3607 1342 3676 (halsbouc).
1439 3607 1577 3660 Eine

417 3695 607 3767 solche
656 3694 896 3764 empfing
940 3696 1080 3750 nach
1118 3712 1242 3750 ann.
1280 3694 1356 3763 II,
1408 3698 1440 3749 9
1481 3694 1576 3748 des

303 3824 309 3829 .
417 3784 695 3837 Arminius
734 3782 963 3851 Bruder,
1004 3783 1220 3837 Flavus,

489 3876 538 3924 et
558 3871 697 3925 nach
716 3871 828 3924 iam
856 3870 951 3925 des
973 3871 1370 3936 Wohlklanges
1389 3884 1576 3937 wegen

415 3959 506 4014 fiir
543 3960 720 4016 etiam.
794 3958 913 4026 Vgl.
953 3975 999 4016 c.
1036 3962 1121 4013 42.

476 4046 771 4114 pecu-niam
821 4046 1064 4113 accipere
1119 4045 1400 4098 docuimus
1419 4086 1436 4111 ,
1492 4047 1581 4099 ein

418 4134 730 4189 Seitenhieb
759 4133 859 4187 auf
884 4133 970 4189 die
994 4134 1212 4200 Romer,
1248 4133 1580 4186 namentlich

418 4222 709 4277 Domitian.
755 4221 876 4289 Vgl.
905 4238 950 4276 c.
995 4224 1028 4274 6
1055 4220 1165 4274 und
1190 4223 1289 4282 423
1327 4221 1457 4275 hist.
1484 4221 1580 4289 IV,

418 4312 514 4363 76:
554 4311 837 4376 pecuniam
861 4325 927 4364 ac
958 4309 1119 4378 dona,
1145 4311 1267 4377 quis
1303 4298 1436 4363 soli's
1462 4327 1580 4365 cor-

1686 2037 2032 2097 rumpantur,
2087 2028 2298 2081 maiora
2352 2026 2508 2094 apud
2566 2027 2871 2092 Romanos,

1685 2123 1742 2171 et
1787 2117 2055 2171 neminem
2103 2114 2243 2168 adeo
2282 2114 2339 2168 in
2387 2130 2552 2169 arma
2613 2131 2868 2183 pronum,

1685 2210 1746 2258 ut
1791 2221 1901 2259 non
1951 2189 2090 2259 idem
2139 2203 2380 2271 pretinm
2437 2205 2663 2271 quietis
2712 2222 2866 2273 quam

1685 2293 1914 2362 periculi
1953 2292 2118 2346 malit.

2167 2451 2233 2528 c,-
2266 2454 2349 2507 16.

1759 2560 1803 2610 1.
1859 2556 2017 2609 urbes
2051 2554 2246 2610 Stadte
2297 2555 2397 2609 mit
2452 2547 2858 2624 Ringmauern,

1681 2642 2181 2711 Prachtgebauden
2234 2661 2285 2697 u.
2324 2641 2452 2712 dgl„
2506 2644 2615 2697 wie
2658 2645 2719 2697 in
2753 2643 2856 2697 Its-

1681 2732 1817 2794 lien;
1858 2732 1911 2784 in
1933 2731 2262 2785 Germanien
2296 2730 2499 2784 fanden
2528 2731 2655 2785 sich
2675 2732 2857 2786 hoch-

1681 2827 1835 2874 stens
1861 2818 2068 2886 oppida
2093 2818 2225 2873 oder
2250 2816 2591 2884 offene·0rte
2627 2821 2853 2886 (waitz,

1682 2908 1748 2961 D.
1788 2907 1851 2960 V.
1892 2907 1955 2960 G.
1992 2905 2040 2974 Ι,
2101 2909 2238 2975 109).
2321 2906 2549 2961 Tacitus
2607 2908 2856 2961 erwihnt

1679 2995 1813 3049 zwei
1830 2997 2004 3049 Arten
2019 3010 2125 3062 von
2144 2993 2619 3071 Ansiedelungen:
2648 2998 2708 3059 a)
2730 2996 2853 3048 Ein-

1682 3082 1917 3152 zelhofe,
1973 3083 2032 3150 b)
2068 3082 2297 3148 Dorfer;
2353 3083 2495 3137 auch
2547 3083 2605 3135 in
2676 3083 2852 3138 diesen

1683 3169 1969 3238 warjedes
1989 3170 2143 3225 Hans
2174 3186 2278 3225 von
2306 3171 2480 3224 einem
2515 3169 2708 3226 freien
2729 3171 2851 3225 Hof-

1682 3274 1837 3313 raum
1874 3258 2096 3326 (spatio)
2134 3257 2419 3325 umgeben.

1755 3348 1804 3419 5.
1844 3362 2004 3399 casus
2038 3345 2216 3413 iynise
2256 3330 2689 3412 Fouersg'efahr.

1754 3438 1805 3491 6.
1836 3432 2462 3501 'inscitia‘aedificandi;
2499 3434 2604 3488 der
2642 3436 2847 3502 eigent·

1683 3524 1827 3578 liche
1873 3522 1983 3576 und
2031 3521 2227 3577 tiefere
2263 3520 2451 3574 Grund
2506 3520 2605 3588 lag
2640 3522 2701 3575 in
2740 3523 2848 3577 dem

1683 3608 2418 3673 Freiheitssinne:inscitia,
2459 3625 2574 3663 was
2613 3610 2707 3664 bei
2746 3611 2844 3664 Cic.
2929 3676 2942 3689 .

1683 3714 1787 3751 nur
1842 3696 2242 3751 Unwissenheit
2298 3695 2432 3750 oder
2496 3696 2846 3752 Unverstand
2953 3760 2964 3781 Ι

1680 3787 1753 3840 im
1792 3785 2155 3853 allgemeinen
2193 3783 2525 3849 bezeichnet‚
2574 3786 2711 3839 wird
2753 3803 2843 3840 von
2953 3792 2964 3831 ἓ

1686 3873 1815 3927 Tac.
1854 3872 1907 3925 in
1947 3871 2050 3926 deu
2089 3872 2281 3926 histor.
2323 3870 2609 3926 Schriften
2648 3872 2844 3928 durch·
2951 3914 2964 3933 .

1686 3959 1928 4028 gehends
1981 3960 2036 4012 in
2092 3959 2190 4013 der
2239 3959 2568 4027 Bedeutung
2608 3977 2715 4016 von
2769 3964 2841 4015 in·

1685 4048 1934 4114 scientia,
1973 4048 2123 4102 einer
2156 4047 2505 4102 Unkenntnis
2540 4049 2618 4101 im
2656 4050 2842 4105 einzel-

1686 4151 1821 4203 nen,
1852 4136 2168 4205 gebi-sucht.

1711 4284 1717 4289 ⁴
1757 4228 1808 4280 7.
1864 4223 2186 4291 teyularum,
2246 4228 2389 4278 statt
2438 4223 2614 4296 deren
2663 4226 2837 4281 Stroh·

1687 4310 1821 4365 oder
1870 4311 2009 4368 auch
2048 4309 2443 4365 Schilfdacher.
2485 4341 2553 4351 -
2593 4313 2838 4367 materia.-
