2992 4825
1012 238 1182 294 Liber
1216 239 1287 293 II.
1343 237 1475 309 Cap.
1512 240 1598 293 64.

2405 226 2528 287 139

80 383 314 462 barent,
353 380 739 447 Danuvium
770 381 941 448 ultra
969 382 1138 448 inter
1169 380 1429 448 flumina
1457 381 1710 447 Marum
1742 384 1808 446 et
1839 377 2077 447 Cusum
2106 379 2421 460 locantur,

81 487 215 553 dato
259 504 427 569 rege
478 487 735 553 Vannio
782 488 990 570 gentis
1036 487 1421 566 Quadorum.

241 596 354 660 64.
409 592 632 658 Simul
676 594 969 661 nuntiato
1015 612 1229 678 regem
1262 594 1570 660 Artaxian
1602 591 1917 658 Armeniis
1963 610 2004 656 a
2050 589 2426 656 Germanico

81 700 313 779 datum,
381 698 747 766 decrevere
788 705 1008 783 patres
1056 705 1130 765 ut
1173 698 1588 774 Germanicus
1634 704 1826 781 atque
1871 698 2119 763 Drusus
2164 701 2427 762 ovantes

85 805 291 871 urbem
326 805 715 875 introirent.
806 807 1034 872 structi
1081 813 1146 872 et
1191 824 1379 873 arcus
1411 807 1649 872 circum
1693 805 1901 871 latera
1946 802 2169 886 templi
2197 803 2428 869 Martis

81 912 309 978 *Ultoris
380 930 552 977 cum
615 910 821 993 effigie
883 911 1251 992 Caesarum,
1317 912 1585 978 laetiore
1650 910 1923 991 Tiberio,
1991 909 2144 991 quia
2209 926 2428 992 pacem

81 1017 406 1100 sapientia·
470 1015 864 1099 firmaverat,
942 1037 1129 1101 quam
1195 1019 1253 1084 si
1319 1017 1556 1085 bellum
1621 1035 1737 1100 per
1803 1016 1972 1082 acies
2037 1012 2426 1081 confecisset.
2467 1031 2500 1084 5

81 1123 263 1203 igitur
309 1123 794 1207 Rhescuporim
841 1142 1107 1207 quoque,
1153 1123 1505 1190 Thraeciae
1551 1141 1783 1206 regem,
1846 1126 1995 1188 astu
2039 1120 2429 1201 adgreditur.

81 1246 329 1295 -omnem
396 1248 561 1295 eam
620 1231 945 1296 nationem
1009 1229 1489 1296 Rhoemetalces
1550 1218 1887 1309 tenuerat3
1951 1245 2075 1308 quo
2135 1223 2430 1291 defuncto

97 1337 413 1417 Augustus
474 1341 734 1417 partem
790 1335 1142 1401 Thraecum
1196 1334 1659 1418 Rhescuporidi
1717 1333 1902 1398 fratri
1961 1332 2116 1413 eius,
2180 1336 2429 1414 partem

81 1438 207 1510 {filio
252 1440 451 1523 Cotyi
504 1438 815 1524 permisit.
906 1442 969 1507 in
1025 1461 1104 1507 ea
1167 1442 1473 1507 divisione
1531 1459 1686 1506 arva
1742 1445 1808 1505 et
1862 1440 2053 1506 urbes
2114 1443 2179 1503 et
2221 1437 2432 1502 vicina

81 1546 342 1616 [Graecis
377 1545 598 1631 Cotyi,
647 1550 815 1630 quod
844 1548 1170 1630 incultum,
1215 1545 1413 1628 ferox,
1462 1547 1779 1612 adnexum
1809 1545 2120 1624 hostibus,
2151 1543 2432 1608 Rhescu-
2471 1559 2540 1610 10

105 1653 286 1734 poridi
333 1654 577 1720 cessit:
623 1656 1029 1737 ipsorumque
1054 1671 1275 1734 regum
1315 1654 1586 1734 ingenia,
1634 1652 1730 1717 illi
1775 1652 1924 1716 mite
1969 1654 2036 1715 et
2079 1666 2429 1728 amoenum,

106 1758 231 1824 huic
286 1763 506 1839 atrox,
584 1761 838 1825 avidum
904 1766 971 1825 et
1034 1760 1359 1825 societatis
1421 1759 1738 1841 inpatiens
1800 1762 1960 1823 erat.
2051 1755 2165 1820 sed
2227 1754 2431 1836 primo

112 1865 353 1931 subdola
400 1867 752 1933 concordia
797 1885 1016 1949 egere:
1064 1884 1207 1932 mox
1238 1865 1660 1951 Rhescuporis
1707 1864 1923 1945 egredi
1961 1862 2136 1941 fineS,
2182 1864 2433 1926 vertere

115 1970 169 2033 in
203 1988 269 2036 se
312 1969 512 2054 Cotyi
577 1974 729 2037 data
774 1978 842 2038 et
885 1973 1210 2039 resistenti
1256 1972 1384 2036 vim
1429 1970 1659 2051 facere,
1723 1973 2097 2035 cunctanter
2141 1967 2260 2032 sub
2306 1965 2434 2030 Au-

123 2081 296 2158 gusto,
344 2096 548 2160 quem
583 2084 912 2145 auctorem
943 2079 1272 2159 utriusque
1301 2077 1502 2159 regni,
1553 2077 1609 2141 si
1653 2079 2077 2159 sperneretur,
2124 2072 2431 2138 vindicem
2474 2087 2540 2139 15

193 2397 270 2449 21.
297 2396 442 2452 ultra
492 2396 643 2452 nach
680 2396 856 2452 einem
895 2394 1078 2450 Subst.
1129 2394 1272 2450 ohne

136 2483 366 2555 Attribut,
406 2486 516 2542 wie
556 2487 602 2555 Ι,
639 2487 723 2542 65.
762 2514 831 2525 —
870 2483 1100 2537 Marum
1129 2485 1273 2553 J‘etzt

133 2569 326 2636 March3
405 2572 597 2627 Cusus
656 2572 1038 2642 unbestimmt,
1098 2572 1271 2627 wahr-

131 2658 395 2716 scheinlich
435 2663 532 2716 die
564 2661 770 2731 Jetzige
805 2661 1001 2728 Waag.

187 2767 263 2821 22.
309 2768 510 2835 ymtis,
569 2768 658 2822 ein
707 2767 792 2821 die
837 2764 1274 2834 Angehorigkeit

138 2850 547 2911 bezeichnender
567 2855 700 2911 Gen.
726 2854 874 2909 steht
900 2854 957 2907 in
982 2853 1077 2908 der
1101 2852 1274 2919 Regel

134 2939 261 2995 nieht
306 2943 672 2999 unmittelbar
722 2942 811 2998 bei
849 2942 1024 2997 einem
1060 2942 1274 2996 Nomen

136 3030 408 3098 proprium,
436 3031 679 3087 sondern
692 3030 780 3085 bei
791 3030 966 3085 einem
979 3029 1275 3097 Gattungs·

136 3129 303 3170 namen
350 3119 489 3174 oder
526 3118 666 3173 wird
719 3118 892 3173 durch
930 3119 1018 3171 ein
1055 3117 1274 3172 Relativ

140 3202 222 3256 mit
261 3221 370 3260 esse
417 3207 867 3276 angeschlossen.
939 3204 1061 3273 Vgl.
1100 3204 1168 3272 V,
1208 3207 1276 3257 10

139 3287 403 3348 Piraeeum
418 3297 643 3350 Atticae
667 3311 815 3350 orae.
847 3325 917 3335 —
955 3292 1278 3362 Quadorum

141 3376 188 3429 in
216 3380 458 3442 Mahren.

197 3537 283 3609 64,
319 3546 368 3596 1.
402 3543 665 3597 nuntiato
701 3541 804 3596 wie
827 3543 1097 3608 comperto
1124 3539 1168 3605 Ι,
1191 3538 1277 3592 66.

144 3648 201 3663 ὴ
230 3626 513 3684 Artaxian
548 3630 614 3685 K.
652 3632 758 3685 56.·

204 3732 249 3783 3.
302 3733 512 3789 Martis
561 3734 767 3789 Ultoris
826 3751 933 3789 von
989 3735 1278 3801 Augustus

145 3815 229 3870 auf
246 3821 443 3877 seinem
467 3825 669 3878 Forum
707 3840 794 3878 am
819 3822 990 3877 Fusse
1029 3821 1125 3876 des
1152 3820 1279 3888 Qui-

148 3902 315 3963 rinalis
368 3913 511 3968 nach
569 3912 691 3967 dem
741 3911 971 3979 Kapitol
1026 3909 1123 3964 hin
1178 3925 1279 3964 aus

153 3988 533 4070 Veranlassung
559 4001 655 4056 der
674 4000 778 4056 den
798 3999 1065 4054 Mordern
1080 3997 1279 4053 Casars

153 4084 548 4145 geschworenen
585 4089 775 4144 Rache
814 4087 1025 4143 erbaut.

215 4189 259 4240 5.
292 4189 499 4250 bellum.-
536 4196 696 4250 einen
734 4193 924 4261 Krieg.

1484 2410 1539 2449 c.
1573 2393 2012 2458 Rhescuporis
2045 2390 2187 2444 und
2221 2390 2438 2453 cotys.

1473 2492 1476 2495 ’
1756 2500 1898 2568 Kap.
1936 2499 2162 2553 64—67.

1450 2628 1499 2682 6.
1539 2630 1667 2679 astu
1703 2623 1746 2691 I,
1785 2624 1870 2677 56.

1454 2734 1538 2785 10.
1600 2727 1830 2782 Graecis
1865 2744 1936 2782 an
1975 2727 2071 2781 der
2109 2724 2303 2782 Kuste.
2340 2753 2409 2764 -—
2443 2721 2542 2777 ad-

1378 2835 1583 2873 nexum
1620 2819 1709 2873 ein
1740 2832 1910 2872 neuer
1934 2815 2228 2871 Ausdruck
2265 2820 2407 2869 statt
2445 2813 2541 2868 des

1379 2905 1868 2976 vorhergehenden
1902 2904 2129 2958 vicinus.

1455 3034 1537 3084 11.
1591 3027 1816 3098 inqenia
1856 3069 1869 3082 .
1895 3069 1908 3082 .
1944 3032 2082 3093 erat,
2122 3026 2218 3081 der
2256 3026 2405 3094 Sing.
2443 3025 2541 3081 des

1379 3117 1547 3173 Prad.
1595 3131 1781 3184 wegen
1833 3115 1933 3170 der
1983 3114 2158 3170 durch
2191 3113 2280 3167 illi
2314 3142 2382 3154 -
2419 3113 2546 3168 huic

1382 3206 1794 3273 eingetretenen
1819 3203 2215 3272 Disjunktion3
2253 3203 2363 3270 vgl.
2386 3201 2542 3256 Caes.

1382 3294 1437 3350 b.
1474 3294 1540 3352 G.
1576 3295 1620 3360 1,
1646 3296 1715 3348 53
1753 3291 1896 3345 duae
1927 3291 2080 3358 filiae
2116 3291 2330 3356 harum,
2370 3289 2545 3344 altera

1383 3381 1579 3448 occisa,
1616 3380 1790 3434 altera
1826 3384 1992 3449 capta
2028 3384 2123 3433 est.
2161 3408 2231 3418 --
2266 3392 2546 3431 amoenum

1382 3486 1506 3524 vom
1541 3467 1822 3537 inqeniwm
1857 3467 2000 3522 auch
2035 3467 2185 3534 XIII,
2224 3469 2274 3521 3.

1459 3594 1544 3648 12.
1578 3591 1858 3661 inpatiens
1894 3607 1940 3645 c.
1977 3604 2117 3659 gen„
2154 3588 2252 3644 wie
2287 3589 2469 3643 Germ.
2496 3590 2547 3643 5.

1460 3719 1542 3770 13.
1581 3715 1764 3784 eyredi
1799 3731 1846 3769 c.
1872 3730 1981 3769 acc.
2016 3714 2072 3767 in
2105 3713 2201 3768 der
2227 3712 2548 3779 Bedeutung

1384 3804 1523 3858 uber
1569 3810 1740 3858 etwas
1796 3801 2008 3856 hinaus.
2053 3828 2123 3840 —
2166 3803 2370 3854 verton
2420 3797 2548 3865 (wie

1385 3891 1714 3961 convertere)
1751 3889 1816 3944 in
1850 3906 1905 3944 se
1953 3896 2092 3944 statt
2128 3887 2204 3942 ad
2238 3903 2294 3941 se
2343 3888 2399 3941 in
2447 3887 2547 3942 der

1388 3980 1743 4048 Bedeiftung:
1786 3977 1906 4032 sich
1941 3978 2228 4044 aneignen.

1461 4105 1544 4157 14.
1581 4106 1917 4167 cunctanter,
1967 4099 2063 4155 das
2100 4097 2322 4153 Adverb
2360 4104 2550 4153 zuerst

1387 4190 1476 4246 bei
1513 4191 1714 4245 Livius.
