2992 4825
519 248 601 308 36
1445 242 1611 311 Libe}
1649 258 1693 313 1.
1756 257 1888 325 Cap.
1925 260 2009 311 30.

625 400 867 467 ordinis
923 401 1228 482 centurio,
1294 399 1377 467 ad
1422 400 1742 466 Tiberium
1801 401 2163 466 mittuntur.
2254 404 2570 466 certatum
2615 400 2762 466 inde
2799 420 2903 493 senff

622 507 863 587 tentiiS,
925 525 1068 572 cum
1132 506 1242 573 alii
1299 507 1719 590 opperiendos
1780 506 2026 588 legatos
2082 510 2276 588 atque
2333 506 2596 571 interim
2653 510 2903 583 comitate

624 611 1138 695 permulcendum
1167 612 1432 678 militem
1463 617 1814 692 censerent,
1860 612 1971 678 alii
2015 611 2378 678 fortioribus
2422 612 2724 678 remediis
2753 632 2903 703 agen*¹

522 741 588 791 10
623 719 802 785 dum:
863 717 1019 783 nihil
1060 719 1126 784 in
1172 717 1363 801 vulgo
1409 719 1755 799 modicum3
1815 722 2075 800 terrere,
2121 718 2188 783 ni
2231 723 2543 800 paveant3
2604 719 2715 784 ubi
2754 722 2903 802 pcrti-

622 824 919 905 muerint,
965 824 1202 908 inpune
1246 825 1597 891 contemni:
1665 825 1816 890 dum
1862 823 2237 908 superstitio
2283 828 2533 906 urgeat,
2587 824 2903 895 adiciendos

623 950 700 998 ex
759 930 917 997 duce
974 934 1183 997 metus
1243 930 1513 998 sublatis
1576 931 1904 998 seditionis
1959 930 2343 998 auctoribus,
2434 935 2797 1013 promptum
2845 933 2903 1005 ad

622 1037 950 1118 asperiora
994 1036 1314 1120 ingenium
1363 1038 1574 1103 Druso
1621 1041 1797 1102 erat:
1843 1041 2097 1103 vocatos
2129 1034 2515 1104 Vibulenum
2564 1041 2637 1102 et
2681 1036 2899 1104 Percen-

623 1143 784 1208 cium
828 1140 1101 1209 interfici
1143 1142 1342 1210 iubet.
1410 1142 1676 1209 tradunt
1703 1142 1990 1224 plerique
2032 1143 2208 1209 intra
2235 1141 2726 1209 tabernaculum
2767 1142 2902 1210 ducis

521 1269 586 1321 15
622 1249 902 1329 obrutos,
950 1248 1059 1314 alii
1104 1266 1373 1331 corpora
1418 1252 1596 1315 extra
1638 1247 1876 1315 vallum
1921 1248 2169 1315 abiecta
2212 1249 2508 1316 ostentui.

801 1358 904 1423 30.
965 1354 1127 1420 Tum
1179 1358 1253 1420 ut
1319 1354 1584 1436 quisque
1639 1355 2018 1437 praecipuus
2085 1353 2383 1421 turbator
2451 1353 2802 1435 conquisiti,
2856 1358 2899 1420 et

625 1479 792 1544 pare,
853 1465 1032 1528 extra
1077 1465 1292 1528 castra
1335 1459 1645 1546 palantes,
1702 1480 1743 1526 a
1786 1461 2256 1528 centurionibus
2318 1465 2431 1527 aut
2475 1461 2902 1544 praetoriarum,

625 1566 976 1633 cohortium
1025 1566 1331 1634 militibus
1377 1567 1566 1634 caesi.
1634 1568 1945 1648 quosdam
1988 1567 2113 1650 ipsi
2155 1566 2465 1650 manipuli
2495 1567 2892 1634 documentum

624 1670 772 1739 fidei
816 1673 1156 1741 tradidere.
1246 1679 1514 1741 auxerat
1556 1675 1827 1742 militum
1885 1692 2071 1741 curas
2126 1679 2541 1756 praematura
2585 1673 2780 1740 hiems
2813 1675 2887 1738 im-

554 1798 586 1850 5
621 1777 843 1845 bribus
903 1781 1219 1864 continuis
1273 1783 1557 1863 adeoque
1600 1781 1828 1860 saeviS,
1889 1785 1962 1846 ut
2006 1798 2133 1846 non
2178 1779 2397 1862 egredi
2439 1774 2739 1862 tentoria,
2789 1780 2902 1855 con-g

623 1888 878 1969 gregari
918 1886 1091 1954 inter
1136 1907 1225 1969 se,
1289 1888 1392 1954 vix
1435 1889 1634 1954 tutari
1676 1888 1856 1970 signa
1902 1891 2181 1969 possent,
2245 1904 2409 1968 quae
2452 1887 2715 1953 turbine
2750 1890 2902 1967 atque]

622 1993 793 2059 unda
823 1996 1262 2076 raptabantur.
1331 1994 1607 2061 durabat
1634 1998 1703 2062 et
1728 1993 1998 2061 formido
2031 1992 2329 2061 caelestis
2357 1994 2514 2075 irae,
2558 2011 2681 2059 nec
2706 1991 2902 2057 frustra

623 2099 929 2166 adversus
971 2100 1195 2183 impios
1225 2100 1567 2168 hebescere
1610 2102 1838 2183 sidera,
1884 2118 2070 2166 ruere
2109 2102 2572 2183 tempestates:
2616 2117 2738 2164 non
2761 2096 2902 2162 aliud*

623 2204 933 2271 malorum
961 2205 1386 2273 levamentum
1416 2226 1607 2290 quam
1638 2208 1693 2273 si
1722 2207 2083 2289 linquerent
2113 2210 2326 2273 castra
2352 2205 2637 2272 infausta
2676 2196 2902 2269 temera-¹

522 2330 587 2380 1o
621 2314 812 2392 taque
858 2316 929 2378 et
972 2312 1164 2378 soluti
1205 2312 1451 2396 piaculo
1495 2314 1628 2380 suis
1674 2314 1939 2395 quisque
1969 2311 2247 2379 hibernis
2293 2311 2735 2378 redderentur.
2800 2308 2902 2391 pri*

624 2436 795 2483 mum
842 2423 1086 2500 octava,
1135 2419 1282 2485 dein
1327 2420 1552 2502 quinta
1582 2420 1849 2487 decuma
1891 2418 2059 2502 legio
2094 2418 2371 2485 rediere:
2417 2434 2707 2486 nonanus
2748 2432 2878 2496 oppe-

622 2524 878 2592 riendas
923 2525 1161 2593 Tiberii
1213 2526 1521 2608 epistulas
1575 2526 2035 2608 clamitaverat,
2100 2545 2244 2592 mox
2298 2524 2627 2592 desolatus
2679 2521 2884 2590 aliorum

446 2811 455 2818 .
589 2758 640 2810 7.
674 2757 887 2808 certare
920 2752 1201 2809 sententiis
1233 2754 1377 2810 auch
1413 2754 1540 2811 hist.
1578 2753 1675 2821 IV,

520 2844 618 2906 763
655 2841 800 2897 blol's
836 2845 1044 2895 certare
1079 2856 1129 2896 a.
1163 2842 1236 2912 11,
1273 2844 1359 2898 30.

593 2934 677 2985 12.
720 2946 788 2985 ex
824 2928 957 2983 duce
1003 2929 1204 2997 gehort
1236 2945 1306 2985 zu
1339 2934 1530 2997 metus,
1575 2929 1677 2986 wie

516 3020 593 3087 ΙΙ,
614 3022 683 3073 38
719 3019 791 3073 ex‘
820 3033 878 3071 se
911 3022 1111 3085 metus,-
1148 3021 1218 3071 72
1251 3022 1448 3073 metum
1485 3031 1555 3072 ex
1586 3016 1675 3071 Ti-

517 3107 666 3162 berio
676 3126 697 3175 ‚-
752 3106 850 3177 XI,
884 3109 956 3161 20
1003 3110 1175 3161 metus
1210 3122 1280 3160 ex
1312 3105 1644 3175 imperatore
1654 3125 1676 3174 ;

515 3196 624 3266 vgl.
661 3196 795 3265 Agr.
837 3197 921 3262 16,
959 3198 994 3249 2
1033 3210 1102 3249 ex
1137 3194 1317 3265 leyato
1353 3195 1537 3249 timor.

589 3288 671 3340 13.
695 3282 1012 3352 aspemtora:
1030 3282 1311 3339 scharfere
1323 3282 1680 3352 Massregeln,

515 3372 624 3441 vgl.
659 3372 761 3439 111,
799 3373 870 3427 54
894 3387 1002 3440 per
1037 3370 1182 3426 ctum
1216 3377 1267 3427 et
1305 3387 1523 3441 aspera.

583 3548 682 3618 30,
723 3551 770 3605 1.
821 3547 1161 3617 praecipuus
1206 3549 1263 3604 in
1311 3548 1675 3617 superlativer

514 3635 840 3704 Bedeutung
873 3635 972 3691 wie
1010 3636 1190 3691 Germ.
1224 3637 1274 3691 6.

585 3728 637 3784 2.
664 3723 866 3793 palmi
886 3723 1211 3779 bezeichnet
1227 3722 1536 3792 uberhaupt
1559 3724 1674 3779 sich

512 3830 618 3869 von
655 3814 835 3869 seiner
871 3812 1173 3882 Abteilung
1209 3812 1516 3883 entfernen,
1552 3813 1674 3869 sich

511 3907 848 3957 zerstreuen.
908 3902 1085 3957 Ihnen
1110 3902 1424 3970 gegenuber
1446 3901 1674 3957 wurden

512 3988 739 4059 andere,
787 3989 996 4048 welche
1042 3989 1134 4045 bei
1181 3989 1338 4044 ihren
1390 3989 1673 4060 Manipeln

512 4078 632 4133 sich
655 4077 945 4146 befanden‚
981 4094 1090 4134 von
1115 4077 1303 4133 diesen
1340 4077 1516 4133 selbst
1551 4093 1672 4133 aus-

514 4165 785 4235 geliefert.

585 4257 636 4309 3.
672 4255 1049 4312 documentum
1073 4255 1403 4325 Apposition
1426 4253 1676 4323 (Schultz

510 4343 617 4397 269
652 4343 720 4397 A.
757 4344 831 4413 2).

1852 2755 1904 2810 5.
1941 2751 2125 2823 eqo-edi
2159 2752 2314 2808 nicht
2336 2752 2484 2807 blol's
2522 2753 2583 2807 in
2613 2749 2708 2806 der
2729 2746 2879 2802 Beden-

1782 2848 1921 2910 tung
1937 2840 2464 2897 uberschreiten
2490 2840 2724 2908 (Agr.33
2739 2832 2902 2920 eyroea'

1781 2929 2085 2999 teminos),
2157 2929 2392 2984 sondern
2453 2928 2600 2984 auch
2669 2926 2871 2980 hinaus·
2901 2939 2902 2994 3

1781 3017 1994 3088 gehen
2030 3018 2120 3073 bei
2146 3017 2273 3073 Tac.
2298 3018 2400 3072 mit
2428 3016 2611 3073 einem
2635 3008 2877 3072 Accusativa
2901 3041 2902 3044 ¹

1781 3106 1887 3163 wie
1922 3105 2043 3175 XV,
2077 3107 2149 3161 45
2196 3105 2503 3162 cubiculum
2537 3119 2653 3159 non
2683 3109 2902 3171 cyrum-¹

1857 3196 1908 3250 ¹7.
1955 3209 2052 3249 nee
2091 3194 2267 3266 leitet,
2317 3194 2419 3251 wie
2465 3194 2534 3250 K.
2571 3195 2642 3248 28
2686 3202 2786 3259 que,
2820 3183 2878 3237 die

1784 3299 1891 3339 von
1937 3282 2114 3338 ciuem
2159 3299 2228 3337 zu
2277 3280 2665 3351 erganzenden
2697 3274 2876 3331 Verbum

1785 3370 2061 3427 sentiendi
2080 3370 2215 3426 oder
2235 3370 2452 3426 dicendi
2471 3367 2757 3435 abhangige
2772 3358 2874 3416 Reda

1784 3460 1892 3516 ein.
1948 3490 2014 3499 —
2069 3460 2289 3527 frustra
2346 3458 2404 3513 in
2466 3457 2564 3514 der
2616 3452 2874 3513 Bedeutung
2901 3465 2902 3474 ¹

1782 3548 1959 3604 ohne
1993 3546 2241 3603 Grund
2276 3546 2366 3603 bei
2400 3546 2465 3602 T.
2505 3545 2658 3601 oster.
2901 3533 2902 3554 ἶ

1852 3640 1905 3694 8.
1953 3636 2225 3692 hebescere
2267 3636 2327 3691 in
2363 3635 2548 3692 dieser
2582 3624 2874 3688 Verbindung
2901 3633 2902 3686 j

1780 3723 2201 3794 ungewohnlich
2249 3724 2376 3794 (wie
2429 3728 2501 3780 28
2547 3711 2872 3791 lanquoecmli

1780 3814 1888 3883 vgl.
1935 3812 2031 3868 Ov.
2068 3818 2195 3869 met.
2244 3812 2313 3880 V,
2348 3815 2456 3868 444
2507 3811 2620 3867 dies
2660 3799 2874 3863 hebetarat

1780 3901 1986 3961 sidera.

1855 3993 1938 4048 10.
1993 3989 2286 4059 piaculum
2343 3988 2468 4044 hier
2524 4002 2631 4046 was
2688 3974 2870 4051 gesfihnt

1781 4078 1999 4134 werden
2016 4078 2187 4133 murs:
2216 4076 2440 4133 Sunde
2457 4118 2472 4144 ,
2491 4065 2870 4154 Verbrechen.

1782 4166 1910 4235 vgl.
1946 4165 2066 4222 Liv.
2102 4166 2167 4235 V,
2204 4167 2293 4235 52,
2334 4170 2399 4221 13
2435 4168 2685 4235 quantum
2707 4145 2866 4224 piae-ult

1783 4254 2172 4311 committatur.
2901 4301 2902 4334 ζ

1861 4345 1943 4399 12.
1960 4343 2239 4412 epistulae,
2258 4344 2359 4399 wie
2377 4342 2577 4408 literae,
2593 4352 2685 4393 von
2701 4329 2860 4386 einem
2901 4337 2902 4404 ξ
