2992 4825
540 244 627 305 94
1398 254 1565 310 Liber
1598 255 1671 314 11.
1726 254 1858 325 Cap.
1899 260 1979 310 11.
2021 260 2103 313 12.

647 396 888 464 mallet.
978 396 1288 480 paulatim
1343 397 1489 463 inde
1534 398 1615 463 ad
1660 397 1868 481 iurgia
1925 396 2204 480 prolapsi
2249 415 2374 479 quo
2428 396 2649 462 minus
2705 415 2900 478 pugnai

650 508 1053 568 consererent
1096 522 1176 568 ne
1218 502 1476 568 flumine
1522 503 1775 585 quidem
1804 505 2134 570 interiecto
2181 503 2665 582 cohibebantur,
2711 502 2772 567 ni
2799 502 2900 570 Stet

649 608 843 674 tinius
900 608 1250 675 adcurrens
1308 607 1565 689 plenum
1631 610 1766 675 irae
1820 627 2122 689 armaque
2188 616 2257 674 et
2315 626 2555 689 equum
2616 615 2900 688 poscente1

543 732 614 786 10
649 714 916 779 Flavum
961 713 1357 779 adtinuisset.
1452 716 1829 781 cernebatur
1875 719 2098 780 contra
2141 713 2628 779 minitabundus
2659 712 2900 782 Arminiu

649 820 1081 902 proeliumque
1121 819 1532 898 denuntians;
1579 838 1723 885 nam
1768 821 2070 902 pleraque
2100 821 2327 886 Latino
2372 837 2676 886 sermone
2695 861 2700 866 -
2719 819 2900 884 interii

651 927 873 1006 ciebat,
923 930 991 990 ut
1034 925 1143 1006 qui
1174 925 1474 991 Romanis
1519 925 1585 990 in
1618 926 1863 992 castris
1893 926 2121 991 ductor
2165 924 2576 1008 popularium
2624 926 2900 991 meruisset

833 1037 932 1098 11.
1001 1031 1263 1096 Postero
1311 1032 1414 1097 die
1461 1030 1922 1097 Germanorum
1974 1033 2143 1098 acies
2189 1038 2370 1096 trans
2403 1030 2737 1112 Visurgim
2778 1032 2900 1095 stetit

652 1138 885 1203 Caesar
941 1139 1063 1202 nisi
1106 1138 1404 1219 pontibus
1460 1139 1925 1220 praesidiisque
1984 1138 2274 1219 inpositis
2323 1138 2477 1202 dare
2527 1139 2597 1202 in
2646 1137 2900 1201 discrimen

648 1242 929 1324 legiones
996 1242 1169 1308 haud
1235 1243 1716 1324 imperatorium
1785 1251 1985 1322 ratus,
2063 1243 2340 1323 equitem
2408 1241 2580 1306 vado
2658 1242 2900 1307 tramittit

648 1346 983 1429 praefuere
1014 1346 1354 1413 Stertinius
1384 1355 1452 1414 et
1482 1368 1519 1414 e
1549 1367 1807 1413 numero
1840 1347 2324 1430 primipilarium
2359 1346 2693 1425 AemiliuS,
2741 1346 2900 1412 distat}

579 1470 614 1523 ὅ
650 1455 821 1520 tibus
852 1453 1006 1520 locis
1036 1454 1288 1534 invecti,
1337 1462 1411 1520 ut
1441 1453 1691 1520 hostem
1723 1455 2112 1521 diducerent.
2192 1451 2724 1546 quagcelerrimus
2753 1453 2900 1532 amnis,

652 1558 1073 1625 Chariovalda
1117 1560 1242 1624 dux
1273 1560 1659 1626 Batavorum
1707 1561 1930 1643 erupit.
2023 1578 2167 1625 eum
2199 1558 2508 1624 Cherusci
2539 1555 2752 1638 fugam
2779 1558 2900 1621 simu·

649 1666 859 1731 lantes
902 1665 970 1731 in
1014 1665 1341 1747 planitiem
1386 1664 1659 1731 saltibus
1705 1666 2172 1731 circumiectam
2220 1673 2517 1729 traxere:
2589 1663 2732 1728 dein
2772 1663 2900 1727 cooi‘n'

652 1778 719 1836 et
762 1771 1038 1853 undique
1094 1769 1275 1837 effusi
1320 1772 1591 1836 trudunt
1635 1772 1953 1850 adversm,
2013 1772 2259 1836 instant
2320 1770 2702 1835 cedentibus
2752 1768 2900 1833 collec-

649 1881 875 1958 tosque
935 1878 998 1942 in
1052 1876 1269 1942 orbem
1333 1896 1482 1960 pars
1541 1879 1878 1959 congressi,
1950 1878 2202 1959 quidam
2269 1877 2522 1941 eminus
2584 1875 2900 1956 proturbant

547 1998 617 2049 10
653 1980 1077 2047 Chariovalda
1136 1982 1247 2046 diu
1289 1986 1651 2047 sustentata
1696 1982 1968 2048 hostium
2016 1982 2302 2061 saevitia,
2368 1981 2674 2046 hortatus
2716 1997 2833 2044 suos
2862 1983 2899 2039 ui

650 2089 1021 2171 ingruentes
1050 2093 1343 2154 catervas
1373 2086 1561 2169 globo
1607 2087 2089 2170 perfringerent,
2146 2094 2337 2169 atque
2381 2087 2524 2168 ipse
2572 2085 2895 2151 densissimos

650 2194 1036 2276 inrumpens,
1101 2195 1415 2276 congestis
1468 2194 1618 2260 telis
1686 2200 1752 2259 et
1795 2191 2063 2259 suffosso
2119 2211 2281 2274 equo
2339 2192 2609 2271 labitur,
2668 2209 2737 2256 ac
2779 2187 2887 2253 multi

651 2300 960 2366 nobilium
991 2300 1187 2364 circa:
1238 2305 1486 2365 ceteros
1531 2299 1626 2364 vis
1658 2317 1774 2371 sua
1821 2304 1935 2365 aut
1965 2300 2211 2381 equites
2255 2317 2399 2364 cum
2432 2298 2734 2365 Stertinio
2761 2293 2899 2386 Aemi-i

650 2407 862 2488 lioque
908 2405 1350 2471 subvenientes
1396 2404 1676 2487 periculo
1722 2422 2026 2472 exemere.

836 2516 937 2578 12.
986 2510 1226 2576 Caesar
1270 2516 1710 2592 transgressus
1743 2512 2064 2594 Visurgim
2110 2511 2342 2576 indicio
2387 2509 2701 2592 perfugae
2741 2521 2887 2586 cogno·

652 2619 774 2684 scit
832 2617 1147 2682 delectum
1207 2618 1287 2682 ab
1335 2618 1619 2682 Arminio
1680 2617 1888 2684 locum
1950 2636 2235 2700 pugnae3
2297 2617 2667 2681 convenisse
2707 2617 2759 2675 et
2790 2610 2885 2674 alias

655 2727 941 2790 nationes
986 2724 1052 2787 in
1083 2722 1307 2786 silvam
1342 2723 1599 2787 Herculi
1630 2741 1874 2789 sacram
1905 2741 2297 2804 ausurosque
2327 2730 2702 2787 nocturnam
2729 2721 2886 2782 castro·

621 2886 673 2940 ’7.
710 2896 963 2950 puynam
1010 2893 1284 2933 conserere
1338 2877 1443 2947 vgl.
1491 2879 1588 2949 VI,
1641 2883 1709 2934 35
1819 2879 1969 2935 diese
2019 2880 2239 2935 wurden
2287 2879 2345 2933 in
2396 2879 2495 2934 der
2549 2877 2717 2946 Regel
2745 2865 2879 2926 tribuni

547 2969 668 3024 acie
704 2972 970 3022 conserta.
1817 2969 1953 3024 oder
1978 2968 2264 3036 praefecti.
2894 3028 2895 3039 χ

620 3061 670 3114 8.
708 3055 1113 3120 cohibebantur,
1164 3054 1228 3107 ni
1273 3095 1287 3109 .
1314 3095 1326 3109 .
1379 3054 1711 3110 adtinuisset
1888 3060 1938 3111 7.
1975 3056 2373 3111 circumiectam
2401 3072 2510 3110 nur
2534 3056 2655 3109 hier
2677 3051 2757 3105 mit
2773 3047 2895 3101 einen

547 3146 652 3216 vgl.
673 3144 717 3212 Ι,
738 3146 805 3199 35
831 3141 1122 3210 deferebat,
1159 3141 1223 3194 ni
1248 3185 1261 3200 .
1283 3143 1706 3207 „adtinuissena
1816 3144 1939 3200 Abl.
1980 3146 2035 3198 in
2075 3149 2173 3199 der
2197 3144 2527 3214 Bedeutung
2567 3136 2884 3198 circumdatam

621 3237 705 3289 11.
742 3231 1124 3287 interiaciebat
1176 3230 1491 3287 Taciteisch
1541 3233 1585 3302 I,
1622 3236 1709 3289 23.
1885 3236 1937 3288 9.
1963 3248 2106 3300 pars
2143 3234 2405 3288 wechselt
2442 3234 2545 3287 mit
2574 3228 2783 3301 quidam,
2809 3234 2885 3275 οῦν

625 3326 707 3377 12.
765 3320 959 3373 ductor
1019 3335 1122 3374 von
1179 3319 1552 3388 Auslandern,
1612 3323 1711 3377 wie
1814 3322 1992 3390 yresei
2039 3321 2190 3376 steht
2241 3322 2361 3376 dem
2397 3321 2609 3375 eminus
2642 3309 2893 3425 gegenuber]

550 3412 646 3479 IV,
664 3413 767 3477 463
808 3409 934 3477 XII,
960 3411 1057 3473 34;
1096 3409 1226 3466 hist.
1253 3409 1352 3476 111,
1372 3411 1441 3464 47
1453 3429 1466 3473 3
1505 3409 1605 3479 IV,
1624 3413 1709 3464 21.
1891 3413 1974 3463 10.
2011 3409 2244 3464 saevitia
2282 3411 2424 3466 ohne
2463 3408 2649 3473 Tadel,
2684 3395 2885 3464 wi01‚6⁷·

547 3497 827 3552 meruisset
865 3512 940 3551 sc.
981 3496 1276 3565 stipendia.
1890 3502 1975 3552 12.
2009 3497 2321 3566 inrumpere
2358 3516 2403 3553 c.
2441 3514 2557 3553 acc.
2595 3498 2637 3561 Ι,
2670 3495 2745 3547 48.

546 3621 634 3680 Β
725 3619 786 3676 u
866 3604 1013 3677 fiber
1198 3617 1299 3676 der
1332 3617 1530 3678 Ramex,
1567 3620 1709 3680 ab„
1817 3615 1887 3625 —
1920 3585 2133 3639 labitur
2169 3585 2506 3641 dichterisch
2540 3584 2629 3638 fiir
2660 3576 2797 3634 eadit.

632 3635 686 3693 Ρ·
789 3659 803 3677 ·
961 3633 1326 3765 ἄξω,
1886 3676 1968 3727 14.
1996 3673 2245 3743 periculo
2281 3673 2474 3744 Datin
2515 3672 2618 3742 vgl.
2638 3670 2680 3734 1,
2702 3667 2818 3720 4ssm

619 3802 671 3853 2.
708 3796 822 3850 nisi
865 3789 1011 3851 heim
1059 3795 1185 3853 Abl.
1237 3796 1355 3850 ahs.
1410 3796 1708 3853 adverbial.
1813 3765 2073 3816 mmm·

548 3915 619 3926 -—
656 3885 792 3938 dare
836 3883 900 3937 in
937 3883 1227 3937 discrimen
1277 3883 1385 3953 vgl.
1432 3884 1478 3954 1,
1528 3887 1598 3938 47
1644 3885 1708 3938 in
1811 3886 1951 3959 zap.
1988 3885 2052 3943 12
2076 3884 2116 3944 f.
2171 3884 2526 3944 Germanicus
2559 3872 2794 3941 erfomht
2820 3865 2883 3923 (Μ

546 3988 733 4027 casum
771 3971 921 4025 dare·
1812 3974 1938 4033 But
1973 3973 2152 4032 :einer
2187 3972 2449 4037 soleam
2499 3971 2589 4030 far
2630 3965 2722 4025 den
2751 3958 2878 4016 bow·

620 4065 669 4116 3.
730 4058 1147 4127 imperatorium
1201 4084 1271 4104 ==
1324 4061 1700 4130 imperatori83
2124 4058 2425 4120 etehunden
2460 4054 2662 4130 Kamps-

548 4148 660 4218 vgl.
697 4148 809 4206 Cic.
846 4147 988 4216 legg.
1024 4147 1067 4213 I,
1106 4151 1140 4202 2
1175 4149 1499 4202 oratorium.
1887 4154 1937 4206 3.
1999 4150 2226 4206 Herculi
2276 4152 2480 4205 Donar.
2536 4148 2698 4202 Germ.
2736 4138 2774 4190 9·
2823 4125 2879 4179 ΖΕ

619 4240 671 4293 4.
701 4235 1094 4304 primipilaria,
1131 4251 1244 4290 wer
1270 4235 1358 4291 die
1393 4245 1546 4292 erate
1570 4238 1709 4294 Cen·
1815 4238 1956 4292 silva
1989 4254 2156 4294 sacra
2191 4237 2299 4304 vgl.
2326 4236 2565 4292 daselbst
2595 4232 2721 4286 lucos
2749 4233 2799 4275 αθ
2821 4224 2877 4265 ’⁸⁶'

550 4324 699 4378 turie
764 4324 915 4377 einer
977 4323 1181 4391 Legion
1243 4324 1464 4392 gefflhrt
1524 4326 1706 4389 hatte3
1814 4341 1970 4379 mora
2005 4330 2341 4381 consecrant.
