2992 4825
999 231 1165 288 Liber
1202 234 1243 288 1.
1306 233 1440 302 Cap.
1475 236 1563 287 21.
1600 235 1686 287 22.
2466 219 2547 280 29

311 377 414 440 21.
464 372 703 439 Horum
751 374 1028 441 adventu
1072 375 1546 458 redintegratur
1589 374 1838 456 sediti0,
1887 379 1954 440 et
1998 373 2143 457 vagi
2185 374 2445 441 circum-

138 479 294 546 iecta
337 479 828 562 populabantur.
920 481 1186 547 Blaesus
1233 500 1485 564 paucoS,
1547 482 1811 547 maxime
1866 479 2116 564 praeda
2164 485 2442 560 onustOS,

140 584 214 649 ad
253 588 565 651 terrorem
616 589 971 653 ceterorum
1015 586 1201 654 adfici
1240 587 1625 668 verberibuS,
1677 587 1889 653 claudi
1934 604 2190 653 carcere
2238 586 2444 665 iubet3

140 707 276 754 nam
322 690 516 754 etiam
548 694 685 755 tum
729 690 942 774 legato
990 711 1029 757 a
1073 692 1549 759 centurionibus
1596 696 1658 758 et
1689 693 1925 774 optimo
1971 709 2220 774 quoque
2248 691 2446 758 mani-

141 795 443 877 pularium
491 796 852 879 parebatur.
941 797 1034 864 illi
1078 798 1280 864 obniti
1339 798 1757 878 trahentibus»,
1819 815 2123 880 prensare
2182 797 2446 861 circum·
2482 817 2515 868 5

145 902 433 967 stantium
467 922 693 986 genua,
743 905 906 971 ciere
938 906 1124 973 modo
1149 906 1403 972 nomina
1433 903 1844 989 singulorum,
1877 903 2060 970 modo
2094 902 2447 970 centuriam

143 1008 392 1091 quisque
462 1009 643 1075 cuius
709 1010 1120 1093 manipularis
1175 1016 1335 1092 erat,
1408 1011 1754 1091 cohortem,
1822 1010 2155 1093 legionem,
2225 1007 2446 1074 eadem

143 1114 415 1181 omnibus
448 1115 755 1182 inminere
788 1116 1209 1185 clamitantes,
1301 1117 1490 1183 simul
1534 1118 1769 1200 probra
1812 1117 1878 1182 in
1908 1115 2187 1198 legatum
2235 1132 2448 1182 cumu-

142 1218 280 1301 lant,
327 1220 578 1286 caelum
611 1241 687 1288 ac
719 1223 869 1289 deos
902 1223 1321 1305 obtestantur,
1367 1223 1525 1289 nihil
1554 1223 1783 1305 reliqui
1812 1221 2055 1289 faciunt
2085 1240 2209 1303 quo
2242 1222 2448 1286 minus

145 1324 427 1393 invidiam
458 1328 957 1395 misericordiam
987 1337 1226 1395 metum
1270 1336 1338 1397 et
1380 1330 1511 1395 iras
1541 1334 1999 1413 permoverent.
2090 1327 2448 1393 adcurritur
2487 1347 2553 1397 10

147 1430 215 1497 ab
257 1433 585 1514 universis,
657 1439 722 1500 et
767 1453 1020 1501 carcere
1064 1433 1325 1502 effracto
1371 1436 1628 1502 solvunt
1671 1435 1924 1502 vincula
1967 1435 2447 1515 desertoresque

146 1555 209 1603 ac
248 1557 458 1604 rerum
508 1541 878 1623 capitalium
925 1542 1258 1608 damnatos
1303 1541 1425 1608 sibi
1468 1542 1595 1608 iam
1641 1540 1925 1608 miscent.

306 1649 406 1709 22.
454 1644 865 1728 Flagrantior
913 1646 1060 1713 inde
1106 1648 1218 1728 via
1266 1646 1480 1730 plures
1525 1647 1823 1713 seditioni
1867 1647 2080 1714 duces,
2157 1650 2222 1711 et
2253 1645 2448 1712 Vibu-

147 1746 307 1814 lenus
362 1751 626 1832 quidam
681 1752 1007 1836 gregarius
1070 1752 1267 1835 mileS,
1328 1756 1478 1819 ante
1535 1752 1815 1819 tribunal
1858 1751 2073 1818 Blaesi
2117 1750 2447 1817 adlevatus

149 1853 670 1923 circumstantium
701 1859 955 1940 umeriS,
1002 1859 1172 1941 apud
1215 1860 1507 1925 turbatos
1555 1864 1619 1924 et
1664 1859 1815 1942 quid
1861 1861 2126 1941 pararet
2168 1858 2447 1922 intentos

161 1979 282 2038 ,vos
325 1964 619 2044 quidem“
673 1965 881 2045 inquit
933 1964 1067 2045 „his
1112 1965 1559 2032 innocentibus
1606 1970 1672 2030 et
1717 1964 2082 2030 miserrimis
2127 1962 2334 2029 lucem
2380 1967 2449 2028 et

160 2066 416 2146 spiritum
484 2069 877 2135 reddidistis:
947 2070 1062 2136 sed
1106 2072 1250 2153 quis
1305 2069 1493 2136 fratri
1536 2089 1675 2136 meo
1721 2072 1937 2153 vitam,
1998 2069 2141 2151 quis
2182 2066 2446 2134 fratrem
2481 2086 2514 2139 5

158 2171 281 2237 mihi
321 2174 539 2241 reddit
555 2176 588 2240 ¹?
653 2195 843 2259 quem
900 2176 1158 2243 missum
1219 2178 1302 2244 ad
1346 2195 1458 2243 vos
1505 2195 1543 2242 a
1588 2176 1967 2244 Germanico
2027 2174 2309 2241 exercitu
2365 2175 2446 2241 de

211 2363 297 2439 21,
338 2370 386 2423 4.
451 2384 584 2423 nam
643 2385 742 2424 zur
802 2369 1124 2441 Erklarung
1182 2387 1289 2427 von

154 2452 318 2522 iubet3
362 2474 489 2512 man
526 2457 675 2513 kann
724 2464 1025 2527 erganzen:
1078 2459 1190 2514 und
1228 2476 1289 2515 er

72 2552 75 2571 ‘·
154 2540 341 2600 konnte
358 2561 415 2601 so
440 2545 709 2611 handelm
737 2546 881 2602 denn
905 2576 989 2601 —.
1029 2577 1090 2587 -
1128 2548 1289 2602 etiam

153 2633 279 2686 tum:
303 2632 572 2690 damals
596 2634 798 2704 noch,
823 2641 971 2691 trotz
994 2636 1090 2692 der
1114 2637 1288 2692 sehon

159 2732 303 2787 argen
338 2722 723 2794 Verwirrnng3
762 2730 955 2794 spater
989 2740 1289 2794 gewannen

161 2805 228 2862 die
257 2810 567 2867 Aufruhrer
614 2812 787 2880 vollig
835 2812 923 2870 die
972 2812 1284 2868 Oberhand.

158 2922 213 2935 -
240 2899 658 2968 centurionibus,
695 2900 904 2956 welche
941 2901 1028 2958 die
1062 2901 1284 2956 Zuohti-

157 2998 344 3054 gangen
380 2989 480 3043 mit
502 2990 654 3044 einer
677 2989 978 3045 Weinrebe
1001 2988 1286 3058 vollzogen

159 3069 210 3124 K.
239 3078 319 3133 23.

212 3163 254 3218 6.
273 3164 407 3220 ciere
423 3166 482 3221 in
500 3166 598 3222 der
616 3166 942 3234 Bedeutung
959 3181 994 3220 a
1007 3165 1169 3220 nruf
1173 3181 1204 3221 e
1216 3182 1253 3221 n
1271 3207 1286 3233 ,

154 3264 218 3303 zu
249 3252 458 3310 Hulfe
493 3254 731 3324 rufen,
782 3254 1181 3323 aufbieten‚
1229 3254 1286 3309 in

154 3335 306 3394 Prosa
340 3349 458 3398 erst
494 3343 583 3398 bei
619 3343 740 3398 Liv.
780 3343 981 3411 (XXII,
1022 3342 1140 3406 14);
1178 3342 1286 3411 vgl.

152 3423 212 3491 11,
244 3430 304 3482 sl
342 3431 586 3500 sinyulos
619 3431 836 3486 nomine
870 3432 1034 3486 ciens.
1075 3460 1145 3471 -—
1166 3445 1286 3486 cen·

152 3514 347 3584 tarium,
385 3518 554 3573 deren
589 3519 723 3574 zwei
757 3537 829 3574 zu
863 3521 1016 3576 einer
1041 3520 1288 3590 Manipel

153 3601 408 3666 gehorten.
468 3607 604 3662 Drei
628 3607 872 3678 Manipel
895 3607 1139 3664 bildeten
1165 3610 1288 3666 eine

152 3686 397 3761 Kohorte,
433 3695 577 3752 zehn
596 3697 885 3754 Kohorten
911 3699 1033 3755 eine
1057 3699 1284 3768 Legion.

211 3780 258 3834 8.
290 3785 561 3840 cumulare
583 3785 647 3838 in
667 3787 811 3841 auch
827 3787 903 3856 11,
919 3789 1012 3851 823
1052 3787 1208 3855 XIII,
1230 3792 1285 3843 2.

155 3863 299 3926 Sonst
331 3887 465 3930 eum.
502 3873 734 3943 aliquem
769 3875 964 3943 aliqua
998 3891 1073 3932 re.

74 4029 77 4033 y
211 3958 257 4012 9.
291 3977 394 4028 quo
428 3963 609 4018 minus
645 3964 735 4018 bei
758 3963 822 4022 Τ.
849 3962 991 4020 oster
1027 3969 1162 4020 statt
1185 3961 1283 4018 des

76 4103 79 4108 .
154 4046 548 4121 regennateigen
568 4051 702 4121 quin
728 4050 976 4120 (Schultz
1001 4055 1105 4107 353
1129 4051 1197 4106 A.
1213 4052 1283 4117 1).

76 4134 88 4199 g
214 4137 288 4191 10.
321 4144 371 4194 et
405 4156 504 4195 zur
526 4124 886 4207 Verbindung
923 4140 1018 4195 des
1054 4141 1284 4196 zweiten

76 4216 101 4315 E}
157 4217 569 4299 Gliederpaares,
641 4228 906 4284 wahrend
976 4228 1073 4283 das
1133 4236 1283 4283 erste

75 4303 102 4405 ἵζ’
155 4313 481 4379 asyndetisch
532 4319 699 4387 steht,
759 4317 862 4373 wie
912 4318 985 4384 11,
1041 4320 1074 4372 5
1133 4315 1283 4371 savis

124 4496 137 4573 3»

1388 2370 1707 2440 paludibus,
1734 2369 1886 2425 brevi
1907 2373 2113 2425 aestate
2129 2372 2181 2423 et
2192 2371 2555 2438 promatur-a

1394 2459 1576 2517 hieme.
1647 2459 1905 2515 Dieselbe
1951 2456 2389 2525 Abwechselung
2443 2455 2554 2512 Cic.

1393 2546 1587 2615 parad.
1626 2550 1679 2616 6,
1714 2550 1768 2615 3,
1804 2549 1874 2602 49
1911 2546 2075 2616 signa
2110 2545 2345 2612 tabulas,
2381 2543 2553 2612 supel-

1392 2634 1617 2688 lectdem
1663 2639 1713 2688 et
1756 2638 1965 2689 vestem.
2005 2663 2072 2672 —
2111 2648 2419 2701 permovere
2454 2632 2555 2688 mit

1395 2722 1573 2779 einem
1610 2725 1738 2778 Ace.
1776 2740 1874 2778 zur
1911 2722 2296 2789 Bezeichnung
2333 2721 2431 2776 der
2468 2736 2553 2775 er-

1389 2818 1587 2880 regten
1647 2812 2178 2880 Gemutsstimmung
2248 2810 2399 2865 nicht
2458 2825 2555 2865 vor

1392 2900 1637 2956 Tacitus.
1710 2901 1833 2970 Vgl.
1871 2901 2017 2969 XVI,
2050 2904 2118 2956 32
2157 2903 2424 2968 quantum
2455 2898 2554 2952 mi·

1387 2986 1719 3043 sericordiae
1752 2988 1986 3043 saevitia
2013 2991 2374 3056 permoverat.

1461 3074 1558 3147 22,
1587 3080 1633 3129 1.
1670 3075 1927 3131 seditioni
1962 3076 2060 3131 der
2085 3092 2191 3131 von
2218 3075 2396 3130 einem
2416 3074 2552 3129 Ver·

1392 3165 1845 3235 balsubstantive,
1905 3165 2139 3222 welches
2186 3166 2308 3221 eine
2348 3165 2555 3220 Person

1390 3254 1735 3323 bezeichnet,
1772 3254 2082 3324 abhangige
2101 3254 2266 3310 Dativ
2291 3254 2443 3307 steht
2467 3253 2555 3308 bei

1393 3343 1457 3397 T.
1491 3342 1605 3397 fast
1641 3341 1991 3412 regelmassig
2037 3359 2136 3398 zur
2169 3342 2553 3412 Bezeichnung

1393 3430 1542 3493 eines
1580 3429 1891 3485 besondern
1915 3430 2122 3498 Falles,
2158 3430 2419 3486 wahrend
2457 3431 2553 3487 der

1395 3518 1621 3573 Genetiv
1656 3518 1811 3574 mehr
1835 3517 1935 3573 das
1961 3518 2288 3588 allgemeine
2312 3520 2551 3589 angiebt.

1395 3606 1516 3675 Vgl.
1552 3607 1621 3665 K.
1648 3609 1720 3661 24
1755 3611 1933 3661 rector
1966 3607 2151 3662 iuveni
2158 3627 2179 3675 ;
2213 3608 2286 3677 11,
2321 3611 2391 3663 46
2417 3608 2555 3677 paci

1389 3694 1671 3762 firmatum
1706 3694 1776 3750 K.
1812 3697 1882 3750 67
1919 3694 2105 3750 liberis
2138 3700 2320 3764 tuton
2357 3697 2457 3766 III,
2486 3700 2552 3751 14

1392 3788 1573 3839 eustos
1606 3782 1793 3842 saluti.

1462 3875 1513 3927 6.
1569 3870 1821 3928 German.
1860 3872 2119 3939 exercitu,
2158 3872 2395 3928 welches
2434 3872 2551 3928 sich

1390 3959 1613 4015 freilich
1634 3960 1779 4016 auch
1803 3965 2019 4030 emport
2055 3960 2210 4016 hatte
2246 3960 2337 4029 (K.
2362 3963 2427 4016 31
2449 3960 2551 4031 ff.),

1391 4064 1497 4103 von
1561 4049 1757 4104 dessen
1811 4048 1951 4104 Plan
2008 4046 2232 4116 jedoch,
2292 4048 2391 4104 mit
2446 4047 2551 4103 den

1389 4138 1803 4206 pannonischen
1851 4136 2132 4205 Legionen
2185 4136 2551 4206 gemeinsame

1390 4227 1567 4283 Sache
1605 4244 1676 4281 zu
1714 4227 1961 4294 macheu,
2012 4233 2168 4281 sonst
2205 4225 2391 4281 nichts
2429 4240 2548 4280 ver-

1389 4315 1581 4375 lautet.
