2992 4825
1016 253 1197 310 Taciti
1234 253 1492 322 Agricola
1529 270 1575 310 c.
1616 255 1743 309 16-
1762 256 1843 308 18.
2511 242 2588 303 15

266 394 513 461 latebris
572 397 780 463 vitata
836 398 1144 463 exercitus
1201 398 1298 461 ira
1351 396 1684 462 indecorus
1731 402 1923 478 atque
1969 394 2242 477 humilis,
2302 395 2593 478 precario
2630 404 2701 458 20

264 518 393 566 mox
435 500 743 584 praefuit,
806 520 898 580 ac,
955 501 1127 567 velut
1171 502 1341 584 pacti
1385 502 1697 568 exercitus
1742 501 2081 580 licentiam,
2143 502 2268 567 dux
2324 502 2593 567 salutem

264 612 473 686 essent,
507 607 747 674 seditio
778 607 915 673 sine
945 608 1252 690 sanguine
1284 607 1485 674 stetit.
1541 605 1673 673 Nec
1708 606 1961 673 Vettius
1991 607 2287 686 Bolanus,
2335 624 2594 672 manen-

264 711 422 778 tibus
494 712 713 780 adhuc
782 711 1067 780 civilibus
1128 712 1338 792 bellis,
1423 712 1695 797 agitavit
1763 711 2164 778 Britanniam
2233 710 2593 794 disciplina:

263 817 478 883 eadem
536 819 778 886 inertia
833 837 990 902 erga
1046 818 1287 899 hostes,
1353 816 1575 885 similis
1620 816 1978 901 petulantia
2023 823 2412 897 castrorum,
2472 815 2594 884 nisi

261 922 416 1004 quod
466 924 781 990 innocens
812 924 1089 991 Bolanus
1136 927 1201 990 et
1246 923 1436 990 nullis
1483 923 1733 990 delictis
1773 923 2014 990 invisus
2046 924 2381 990 caritatem
2411 940 2595 1005 para-
2632 925 2702 979 25

262 1032 437 1094 verat
483 1030 630 1120 loco
678 1030 1098 1095 auctoritatis.

438 1139 543 1202 17.
602 1135 728 1202 Sed
784 1136 893 1201 ubi
949 1154 1091 1200 cum
1148 1140 1361 1201 cetero
1417 1136 1571 1201 orbe
1620 1134 2048 1217 Vespasianus
2094 1138 2160 1200 et
2204 1133 2598 1200 Britanniam

261 1241 683 1322 recuperavit,
718 1242 929 1323 magni
963 1241 1176 1320 duces,
1211 1241 1451 1323 egregii
1482 1240 1819 1321 exercituS,
1853 1240 2097 1306 minuta
2127 1238 2404 1306 hostium
2433 1257 2596 1323 speS.

262 1344 343 1411 Et
371 1349 692 1415 terrorem
723 1347 939 1413 statim
972 1347 1188 1413 intulit
1217 1346 1483 1413 Petilius
1517 1344 1806 1427 Cerialis,
1851 1345 2227 1430 Brigantum
2257 1346 2598 1426 civitatem,

262 1468 416 1533 quae
479 1452 1008 1519 numerosissima
1069 1452 1433 1535 provinciae
1491 1451 1692 1518 totius
1761 1451 2156 1535 perhibetur,
2236 1451 2595 1535 adgressus.

264 1556 466 1624 Multa
511 1558 759 1641 proelia
806 1563 870 1625 et
914 1557 1256 1640 aliquando
1303 1575 1432 1624 non
1475 1558 1838 1638 incruenta3
1888 1576 2302 1640 magnamque
2336 1557 2602 1640 Brigan-
2673 1560 2706 1613 5

265 1668 395 1729 tum
451 1667 707 1747 partem
772 1669 884 1730 aut
931 1664 1199 1731 victoria
1244 1665 1574 1747 amplexus
1620 1669 1717 1730 est
1765 1670 1878 1731 aut
1923 1663 2109 1733 bello.
2203 1663 2289 1729 Et
2336 1661 2600 1730 Cerialis

267 1770 518 1851 quidem
557 1770 822 1836 alterius
853 1770 1235 1837 successoris
1270 1788 1486 1836 curam
1518 1768 1879 1852 famamque
1911 1770 2253 1849 obruisset3
2300 1769 2602 1836 sustinuit

269 1875 494 1942 molem
537 1876 736 1942 Iulius
768 1875 1130 1955 Frontinus,
1177 1877 1273 1941 vir
1317 1892 1602 1958 magnuS,
1649 1879 1956 1958 quantum
1999 1873 2251 1955 licebat,
2300 1874 2602 1941 validam-

268 1998 382 2063 que
430 1988 500 2047 et
547 1999 896 2064 pugnacem
930 1980 1207 2047 Silurum
1243 1985 1496 2064 gentem
1529 1981 1721 2047 armis
1752 1981 2023 2062 subegit,
2073 1999 2267 2063 super
2298 1980 2602 2047 virtutem

268 2086 546 2154 hostium
593 2087 871 2153 locorum
919 2106 1172 2170 quoque
1216 2085 1627 2154 difficultates
1674 2087 2008 2153 eluctatus
2643 2090 2708 2141 10

446 2198 553 2261 18.
619 2192 803 2258 Hunc
857 2193 1228 2259 Britanniae
1283 2198 1551 2275 statum,
1614 2192 1733 2259 has
1785 2193 2099 2259 bellorum
2162 2193 2330 2258 vices
2395 2192 2601 2259 media

271 2299 390 2364 iam
438 2304 690 2365 aestate
734 2303 1174 2380 transgressus
1208 2299 1503 2380 Agricola
1546 2298 1808 2379 invenit,
1855 2316 1998 2364 cum
2045 2302 2112 2363 et
2155 2297 2387 2364 milites
2428 2298 2603 2364 velut

274 2405 507 2472 omissa
575 2403 973 2487 expeditione
1039 2404 1120 2471 ad
1185 2404 1591 2471 securitatem
1658 2410 1725 2471 et
1785 2403 2004 2471 hostes
2068 2404 2153 2470 ad
2207 2405 2604 2471 occasionem

274 2515 689 2577 verterentur.
771 2510 1153 2577 Ordovicum
1198 2510 1419 2578 civitas
1465 2510 1636 2577 haud
1676 2511 1877 2577 multo
1910 2514 2060 2575 ante
2091 2510 2432 2575 adventum
2468 2509 2603 2577 eius

274 2615 436 2682 alam
484 2616 548 2681 in
596 2614 826 2681 finibus
872 2617 1002 2682 suis
1035 2621 1328 2698 agentem
1360 2634 1559 2699 prope
1590 2617 1949 2682 universam
1981 2615 2352 2696 obtriverat,
2403 2633 2603 2698 eoque
2677 2625 2709 2677 5

274 2722 449 2789 initio
498 2727 715 2787 erecta
758 2722 1113 2804 provincia3
1175 2727 1240 2787 et
1285 2723 1515 2804 quibus
1560 2722 1793 2789 bellum
1838 2719 2198 2788 volentibus
2244 2726 2405 2803 erat,
2462 2740 2605 2804 pro-

274 2826 427 2894 bare
505 2827 861 2909 exemplum
937 2847 1014 2894 ac
1088 2829 1364 2894 recentis
1438 2828 1637 2910 legati
1711 2829 1985 2894 animum
2063 2828 2367 2910 opperiri,
2463 2846 2605 2894 cum

275 2933 601 3017 Agricola,
659 2951 1042 3016 quamquam
1087 2938 1454 3000 transvecta
1499 2938 1743 3014 aestas,
1807 2919 2012 3016 sparsi
2057 2951 2172 3015 per
2217 2934 2607 3015 provinciam

276 3040 550 3120 numeri,
612 3043 1026 3122 praesumpta
1073 3040 1244 3122 apud
1287 3039 1551 3105 militem
1597 3040 1766 3105 illius
1826 3040 1976 3105 anni
2029 3040 2238 3121 quie8‚
2301 3040 2487 3105 tarda
2541 3044 2607 3106 et

279 3145 596 3211 contraria
651 3144 887 3211 bellum
946 3145 1356 3227 incohaturo,
1428 3152 1495 3211 et
1555 3146 1875 3227 plerisque
1938 3145 2245 3211 custodiri
2310 3148 2607 3226 suspecta
2646 3153 2714 3205 10

275 3251 485 3332 potius
542 3250 908 3329 videbatur,
964 3251 1059 3315 ire
1114 3250 1363 3316 obviam
1426 3250 1771 3315 discrimini
1817 3249 2073 3328 statuit3
2136 3249 2605 3331 contractisque

277 3356 589 3437 legionum
636 3355 881 3421 vexillis
927 3361 992 3421 et
1038 3356 1288 3423 modica
1333 3356 1710 3422 auxiliorum
1757 3372 1968 3434 manu,
2029 3354 2180 3436 quia
2225 3354 2290 3419 in
2336 3370 2607 3437 aequum

277 3461 537 3544 degredi
585 3461 929 3528 Ordovices
976 3479 1103 3527 non
1149 3461 1487 3543 audebant,
1537 3461 1676 3543 ipse
1723 3465 1874 3526 ante
1919 3478 2167 3542 agmen,
2215 3477 2339 3540 quo
2383 3462 2609 3527 ceteris

268 3585 390 3648 ‚par
438 3567 686 3632 animus
732 3566 922 3632 simili
967 3566 1247 3649 periculo
1296 3571 1487 3647 esset,
1537 3567 1736 3633 erexit
1766 3568 1985 3633 aciem.
2059 3564 2383 3649 Caesaque
2414 3584 2610 3649 prope

276 3673 574 3738 universa
618 3679 826 3753 gente,
874 3690 1000 3738 non
1045 3672 1308 3755 ignarus
1353 3673 1719 3738 instandum
1765 3670 1972 3738 famae
2019 3690 2110 3753 ac,
2170 3676 2361 3754 prout
2405 3672 2610 3754 prima
2653 3680 2715 3731 15

278 3778 631 3859 cessissent,
666 3781 974 3843 terrorem
1010 3778 1241 3844 ceteris
1272 3776 1426 3856 fore,
1460 3777 1714 3844 Monam
1746 3779 2035 3858 insulam,
2080 3798 2122 3842 a
2154 3779 2332 3844 cuius
2363 3794 2609 3860 posses-

276 3882 451 3948 sione
506 3888 877 3949 revocatum
932 3883 1267 3948 Paulinum
1327 3882 1667 3949 rebellione
1733 3883 1931 3949 totius
1985 3882 2355 3949 Britanniae
2418 3900 2612 3963 supra

275 3988 650 4070 memoravi,
697 3988 989 4071 redigere
1037 3990 1102 4053 in
1147 3993 1536 4071 potestatem
1584 3988 1795 4055 animo
1841 3988 2134 4054 intendit.
2228 3987 2375 4065 Sed,
2431 3992 2502 4051 ut
2546 3987 2608 4051 in

277 4092 487 4158 dubiis
535 4094 830 4176 consiliiS,
880 4111 1071 4160 naves
1119 4095 1431 4160 deerant?
1460 4094 1623 4160 ratio
1675 4100 1739 4160 et
1784 4094 2145 4161 constantia
2191 4092 2370 4158 ducis
2401 4098 2612 4158 trans-

276 4200 466 4264 vexit.
504 4204 510 4207 ”
563 4198 883 4282 Depositis
930 4199 1220 4266 omnibus
1267 4200 1533 4265 sarcinis
1576 4198 1952 4266 lectissimos
1999 4198 2417 4280 auxiliarium,
2474 4200 2612 4281 qui·
2649 4207 2718 4259 20
2811 4258 2820 4267 .

277 4300 395 4368 bus
441 4309 595 4369 nota
641 4306 808 4370 vada
853 4308 920 4371 et
966 4306 1213 4387 patrius
1259 4304 1452 4370 nandi
1498 4322 1671 4386 usus,
1720 4323 1843 4386 quo
1888 4302 2076 4370 simul
2108 4321 2303 4386 seque
2336 4310 2403 4371 et
2432 4323 2613 4371 arma
