2992 4825
863 252 1032 309 Liber
1069 252 1139 307 ΙΙ.
1194 251 1327 320 Cap.
1364 253 1449 307 66.
1486 254 1576 308 67.
1613 255 1700 308 68.
2376 243 2496 304 141

157 398 280 458 66.
374 393 535 461 Eas
617 396 837 462 literas
900 394 1188 460 Latinius
1235 393 1535 459 Pandusa
1595 413 1712 477 pro
1772 399 2069 477 praetore
2112 391 2419 462 Moesiae

69 517 118 564 n
154 499 548 583 militibus»,
608 503 752 585 quis
784 500 979 586 Cotys
1024 500 1406 581 traderetur,
1452 500 1519 565 in
1551 499 1927 567 Thraeciam
1973 501 2163 568 misit.
2233 501 2395 567 Rhe-

69 607 283 687 [poris
348 607 564 673 inter
619 613 863 674 metum
912 614 977 675 et
1021 608 1184 672 iram
1245 611 1586 672 cunctatus
1632 606 1862 672 maluit
1923 608 2163 690 patrati
2208 625 2396 689 quam

69 712 224 793 :epti
256 709 628 779 facinoris
669 732 815 780 reus
846 733 1022 780 esse:
1067 712 1263 779 occidi
1298 711 1503 795 Cotyn
1534 712 1712 778 iubet
1743 717 2138 796 mortemque
2172 718 2398 795 sponte

69 822 328 899 uptam
396 820 809 887 ementitur.
900 837 1016 885 nec
1074 823 1290 883 tamen
1335 815 1582 883 Caesar.
1636 817 1908 900 placitas
1972 818 2169 884 semel
2223 825 2397 885 artes
2435 839 2469 891 5

69 924 292 1006 mavit,
349 923 493 990 sed
534 922 849 991 defuncto
881 925 1196 1006 Pandusa,
1243 941 1426 1005 quem
1461 923 1585 988 sibi
1629 922 1942 989 infensum
1977 923 2400 1008 Rhescuporis

69 1030 340 1111 guebat,
400 1028 857 1122 Pomponium
887 1030 1203 1108 Flaccum,
1251 1032 1531 1095 veterem
1579 1029 1910 1112 stipendiis
1957 1035 2023 1095 et
2068 1038 2212 1096 arta
2258 1048 2400 1096 cum

69 1153 139 1216 ge
211 1135 551 1201 amicitia
632 1153 831 1218 eoque
900 1134 1538 1201 accommodatiorem
1600 1135 1682 1200 ad
1751 1133 2118 1216 fallendum,
2187 1137 2268 1202 ob
2332 1135 2399 1201 id

69 1241 272 1305 mxime
327 1240 665 1307 Moesiae
709 1240 1033 1323 praefecit.

179 1350 296 1413 67.
377 1345 686 1413 Flaccus
730 1347 797 1412 in
841 1346 1214 1412 Thraeciam
1272 1350 1718 1429 transgressus
1765 1364 1880 1428 per
1922 1346 2208 1428 ingentia
2252 1364 2399 1430 pro-

69 1451 202 1517 lssa
265 1453 612 1533 quamvis
659 1453 1023 1535 ambiguum
1086 1456 1151 1517 et
1196 1451 1445 1518 scelera
1496 1469 1615 1516 sua
1659 1456 2066 1533 reputantem
2123 1452 2400 1534 perpulit

69 1574 77 1620 ι
136 1557 492 1640 praesidia
568 1557 866 1622 Romana
932 1558 1224 1624 intraret.
1318 1556 1704 1621 circumdata
1771 1555 1919 1622 hinc
1985 1558 2124 1640 regi
2190 1558 2398 1640 specie

69 1664 273 1728 »noris
321 1663 571 1729 valida
614 1681 858 1743 manuS‚
909 1663 1275 1744 tribunique
1321 1667 1386 1726 et
1430 1663 1832 1728 centuriones
1878 1664 2208 1743 monendo,
2257 1681 2400 1728 sua·

69 1767 241 1848 endo,
327 1774 403 1834 et
483 1774 742 1851 quanto
816 1767 1069 1850 longius
1138 1767 1619 1848 abscedebatur‚
1699 1768 2018 1850 apertiore
2086 1768 2397 1849 custodia,
2435 1791 2469 1843 5

69 1879 353 1941 ostremo
405 1892 706 1958 gnarum
752 1874 1149 1940 necessitatis
1207 1875 1273 1939 in
1317 1875 1539 1940 urbem
1585 1878 1858 1941 traxere.
1950 1879 2288 1941 accusatus
2331 1876 2398 1940 in

69 1985 254 2045 enatu
312 1982 405 2046 ab
455 1997 677 2047 uxore
724 1977 945 2063 Cotyis
1007 1980 1363 2061 damnatur,
1427 1984 1501 2044 ut
1544 1977 1767 2061 procul
1812 1997 2007 2061 regno
2051 1984 2397 2046 teneretur.

69 2080 346 2151 thraecia
392 2086 467 2151 in
501 2085 1010 2151 Rhoemetalcen
1039 2082 1258 2165 filium,
1306 2103 1490 2167 quem
1539 2085 1823 2166 paternis
1854 2085 2128 2152 consiliis
2174 2086 2398 2151 adver-

70 2191 238 2255 atum
288 2191 677 2271 constabat,
724 2192 914 2272 inque
960 2190 1194 2256 liberos
1225 2188 1443 2272 Cotyis
1489 2189 1827 2267 dividitur;
1872 2190 2075 2272 iisque
2120 2192 2398 2257 nondum

69 2293 276 2359 udultis
322 2297 765 2364 Trebellenus
809 2296 1010 2361 Rufus
1055 2300 1357 2379 praetura
1412 2293 1669 2361 functus
1715 2294 1925 2375 datur,
1980 2296 2086 2376 qui
2131 2315 2398 2378 regnum
2437 2318 2505 2370 10

69 2400 295 2465 nterim
335 2408 694 2485 tractaret,
742 2401 1026 2486 exemplo
1073 2420 1196 2484 quo
1244 2400 1514 2467 maiores
1562 2399 1647 2469 M.
1697 2400 2004 2483 Lepidum
2049 2401 2398 2469 Ptolemaei

72 2502 260 2570 iberis
315 2514 616 2576 tutorem
678 2509 744 2574 in
801 2509 1162 2592 Aegyptum
1216 2507 1545 2573 miserant.
1638 2505 2067 2589 Rhescuporis
2127 2508 2398 2574 Alexan-

71 2606 248 2675 lriam
302 2614 632 2682 devectus
688 2619 881 2696 atque
934 2614 1064 2680 illic
1124 2612 1340 2696 fugam
1396 2617 1719 2694 temptans
1784 2631 1867 2678 an
1929 2611 2078 2679 ficto
2137 2614 2400 2681 crimine

71 2713 445 2789 interficitur.

224 2829 328 2893 68.
378 2829 512 2894 Per
560 2827 734 2894 idem
779 2831 1031 2908 tempus
1079 2825 1390 2906 VononeS,
1437 2842 1625 2906 quem
1673 2827 1954 2890 amotum
1999 2825 2066 2889 in
2112 2822 2397 2891 Ciliciam

71 2934 416 3013 memoravi,
503 2934 826 3015 corruptis
897 2931 1260 2997 custodibus
1328 2927 1610 3013 effugere
1680 2929 1761 2995 ad
1831 2930 2181 3012 Armeni08‚
2250 2932 2397 2997 inde

127 3117 216 3190 66,
253 3125 304 3181 3.
376 3124 565 3179 inter.-
604 3125 874 3194 inmitten,
910 3124 982 3176 im
1017 3122 1233 3178 Wider-
1338 3121 1541 3190 massig
1578 3123 1673 3176 mit
1708 3137 1763 3187 a,
1800 3121 1891 3177 bei
1916 3122 2045 3176 Tac.
2072 3121 2221 3176 bfter
2255 3123 2357 3177 mit
2380 3122 2503 3179 dem

73 3208 220 3261 streit
251 3227 391 3275 von3
430 3212 545 3281 vgl.
585 3211 735 3281 XIV,
773 3214 843 3267 49
880 3211 1027 3265 inter
1049 3210 1231 3279 pudo·
1337 3209 1553 3264 blossen
1588 3209 1825 3265 Ablativ.

73 3303 167 3344 rem
201 3300 251 3349 et
285 3298 434 3353 iram
472 3304 794 3358 cunctatus.
1408 3301 1460 3351 8.
1496 3297 1560 3350 in
1594 3337 1608 3351 .
1633 3338 1650 3354 .
1686 3296 1956 3352 dividitur
1992 3297 2100 3366 vgl.
2124 3313 2194 3351 zu
2215 3298 2261 3365 Ι,
2287 3299 2355 3353 55
2392 3298 2504 3353 dis-

135 3398 184 3452 5.
223 3401 505 3468 placitus.-
563 3405 789 3469 beliebt3
852 3405 956 3473 vgl.
1010 3405 1106 3472 1v,
1160 3407 1229 3460 37
1336 3384 1517 3439 sidere
1551 3385 1633 3440 in·

73 3482 323 3547 placitum
377 3495 686 3563 exemplum
696 3513 718 3563 ‚⁸
780 3501 899 3549 emt
953 3492 1011 3548 in
1063 3492 1230 3548 nach.
1410 3476 1493 3528 10.
1523 3477 1801 3541 praetura
1820 3471 2049 3540 functus
2072 3487 2173 3526 aus
2192 3473 2503 3531 ahnlichem

73 3567 403 3635 klassischer
440 3582 642 3638 Prosa.
1338 3560 1562 3615 Grunde
1612 3559 1988 3629 hinzugefiigt,
2040 3560 2143 3615 wie
2179 3562 2224 3630 1,
2262 3564 2328 3618 39
2378 3579 2504 3618 con-

142 3681 187 3733 7.
222 3680 412 3753 Pomp.
450 3686 728 3743 Flaccum
762 3686 832 3745 Κ.
869 3690 954 3742 32.
991 3716 1007 3725 -
1023 3716 1061 3726 -
1095 3690 1232 3741 vete-
1336 3648 1527 3702 ‘wlatu
1557 3649 1798 3715 summ·

76 3773 504 3913 ζῑὲἔέεπᾶιίε
540 3776 649 3844 νεὶ·
685 3774 807 3845 XV›
843 3777 913 3830 ⁵9
948 3772 1238 3841 “mmm
1340 3822 1640 3878 Ptolemaei
1716 3823 2026 3892 Epiphania
2077 3823 2288 3900 ‘liberis
2358 3825 2503 3881 Ptol.

1340 3911 1678 3966 Philometor
1713 3910 1823 3966 und
1861 3911 2136 3980 Physcon.

153 4008 243 4081 67,
291 4018 340 4070 3,
403 4020 727 4087 prumia·-
814 4019 913 4075 <123
987 4018 1233 4073 besegne
1409 4002 1494 4057 13.
1533 4015 1609 4052 an
1643 3999 1688 4066 1,
1731 4001 1811 4053 13.
1849 4000 1949 4063 653
1990 3999 2063 4067 11,
2100 4002 2189 4052 42.

89 4090 283 4155 Gebiet.
1495 4119 1634 4191 zap.
1671 4118 1759 4177 68.
1822 4119 1935 4179 τοῦ.
1970 4119 2068 4179 ἀοι
2100 4119 2361 4178 Vononen.

160 4202 207 4256 5·
242 4216 440 4273 quanto
465 4214 606 4271 ⁰¹¹³&
625 4213 911 4283 folgendess
938 4216 1095 4266 ΝΜΟ
1119 4211 1164 4280 I,
1185 4215 1236 4266 2·
1414 4229 1462 4279 2.
1501 4223 1631 4278 inde
1653 4225 1917 4293 Albanos,
1955 4226 2031 4280 im
2054 4227 2284 4282 zweiten
2310 4225 2505 4282 Gliede

160 4307 208 4363 7·
249 4316 438 4376 procul
495 4319 550 4374 in
604 4320 775 4375 klass.
831 4319 1009 4373 Prosa
1058 4316 1234 4384 regel-
1343 4313 1483 4369 fehlt
1517 4311 1603 4367 oft
1638 4313 1727 4368 die
1763 4315 2135 4384 Praposition.

1417 3741 1498 3789 11.
1555 3734 1790 3804 exemplo
1851 3734 1955 3802 vgl.
2012 3735 2081 3791 K.
2132 3737 2201 3790 63
2253 3735 2378 3801 fide.
2435 3767 2506 3777 —
