2992 4825
427 237 509 295 46
1294 248 1461 303 Liber
1496 249 1541 305 1.
1603 248 1734 316 Cap.
1773 250 1857 303 40.
1894 251 1980 302 41.

425 409 494 461 25
530 394 730 472 ratur,
794 391 1194 473 attonitaque
1234 391 1437 474 magis
1482 408 1674 473 quam
1720 390 1939 473 quieta
1984 390 2277 457 contione
2318 389 2565 472 legatos
2611 390 2840 471 praesi-

529 496 634 564 dio
678 496 1079 563 auxiliarium
1125 498 1410 579 equitum
1456 496 1737 565 dimittit.

705 608 809 671 40.
856 604 952 671 Eo
997 605 1063 670 in
1107 609 1282 670 metu
1327 623 1597 687 arguere
1629 603 2077 671 Germanicum
2123 621 2363 685 omnes,
2409 602 2580 685 quod
2609 620 2742 667 non
2771 602 2844 667 ad

527 710 918 792 superiorem
964 712 1306 778 exercitum
1351 715 1669 794 pergeret,
1717 710 1829 776 ubi
1873 709 2177 791 obsequia
2220 714 2286 775 et
2331 713 2553 776 contra
2598 707 2846 775 rebellis

529 816 860 883 auxilium:
915 816 1074 883 satis
1119 835 1435 900 superque
1480 817 1778 883 missione
1825 821 1894 883 et
1935 816 2209 899 pecunia
2256 821 2323 882 et
2362 814 2664 881 mollibus
2711 832 2847 880 con-

526 922 711 989 sultis
755 927 1107 1006 peccatum.
1196 923 1300 989 vel
1343 924 1402 989 si
1445 922 1587 990 vilis
1643 923 1764 1006 ipsi
1807 921 2000 1003 salus,
2066 941 2180 988 cur
2233 919 2429 988 filium
2492 920 2844 1003 parvulum,

457 1043 490 1096 5
529 1049 642 1096 cur
694 1030 1022 1113 gravidam
1081 1031 1409 1112 coniugem
1467 1029 1637 1096 inter
1693 1029 1974 1096 furentes
2037 1034 2103 1096 et
2147 1029 2349 1096 omnis
2392 1027 2662 1094 humani
2705 1026 2843 1091 iuris

527 1136 864 1203 violatores
910 1136 1224 1204 haberet?
1289 1136 1432 1203 illos
1477 1136 1708 1203 saltem
1753 1154 1874 1203 avo
1930 1140 2000 1202 et
2043 1136 2142 1201 rei
2183 1133 2475 1218 publicae
2531 1132 2841 1199 redderet

528 1242 636 1309 diu
665 1248 996 1310 cunctatus
1026 1248 1473 1326 aspernantem
1505 1261 1783 1326 uxorem,
1829 1260 1973 1308 cum
2017 1261 2087 1309 se
2132 1242 2277 1308 divo
2307 1240 2599 1324 Augusto
2649 1243 2842 1305 ortam

526 1367 731 1432 neque
775 1349 1149 1431 degenerem
1192 1350 1275 1416 ad
1319 1350 1602 1432 pericula
1631 1354 1998 1431 testaretur,
2045 1353 2366 1431 postremo
2412 1351 2682 1414 uterum
2728 1346 2844 1412 cius

526 1461 593 1522 et
636 1475 1024 1523 communem
1071 1454 1268 1522 filium
1299 1456 1504 1523 multo
1550 1475 1691 1523 cum
1736 1456 1892 1522 fletu
1922 1454 2303 1537 complexus,
2349 1458 2426 1519 ut
2469 1451 2696 1519 abiret
2723 1470 2846 1533 per·

423 1575 489 1625 10
524 1563 705 1645 pulit.
796 1561 1132 1629 incedebat
1175 1563 1478 1630 muliebre
1524 1567 1594 1630 et
1636 1561 1995 1630 miserabile
2040 1578 2310 1643 agmen,
2352 1558 2635 1644 profuga
2685 1558 2844 1624 ducis

524 1688 700 1750 uxor,
767 1668 1100 1752 parvulum
1154 1669 1301 1736 sinu
1353 1667 1555 1735 filium
1611 1687 1859 1752 gerens,
1928 1668 2353 1734 lamentantes
2414 1666 2664 1732 circum
2711 1663 2841 1731 ami-

525 1795 743 1844 corum
788 1776 1102 1861 coniuges,
1148 1794 1314 1859 quae
1342 1776 1530 1843 simul
1575 1775 2018 1857 trahebantur,
2063 1793 2183 1842 nec
2224 1773 2431 1840 minus
2476 1770 2716 1838 tristes
2758 1769 2847 1852 qui

522 1884 883 1951 manebant.

700 1993 806 2057 41.
852 1988 994 2055 Non
1037 1987 1320 2056 florentis
1351 1988 1645 2056 Caesaris
1693 2006 1898 2070 neque
1944 1988 2076 2053 suis
2122 1987 2190 2053 in
2220 1983 2463 2066 castris,
2513 1983 2642 2049 sed
2690 1982 2851 2049 velut

523 2095 587 2160 in
618 2095 775 2161 urbe
805 2096 978 2163 victa
1005 2094 1199 2162 facies
1228 2095 1630 2178 gemitusque
1675 2114 1750 2162 ac
1778 2094 2074 2179 planctus
2120 2093 2314 2159 etiam
2358 2090 2642 2157 militum
2678 2106 2848 2156 aures

523 2214 763 2283 oraque
805 2202 1170 2269 advertere:
1217 2202 1715 2286 progrediuntur
1744 2199 2197 2269 contuberniis.
2289 2198 2428 2282 quis
2472 2196 2584 2263 ille
2637 2194 2848 2264 flebilis

525 2307 760 2374 sonus?
827 2309 997 2390 quod
1043 2315 1178 2376 tam
1224 2309 1409 2375 triste
1427 2311 1460 2376 Ῥ
1526 2307 1795 2374 feminas
1839 2307 2161 2388 inlustres,
2226 2324 2354 2371 non
2415 2304 2845 2370 centurionem

455 2428 487 2478 5
526 2414 610 2480 ad
655 2415 940 2497 tutelam,
1006 2435 1134 2483 non
1180 2417 1466 2497 militem,
1531 2415 1688 2482 nihil
1733 2414 2183 2498 imperatoriae
2245 2410 2456 2478 uxoris
2502 2414 2627 2476 aut
2679 2408 2848 2476 comi-

522 2523 696 2587 tatus
752 2521 955 2588 soliti:
1017 2542 1286 2607 pergere
1341 2522 1423 2589 ad
1478 2521 1787 2589 Treveros
1844 2523 1961 2603 (et)
2018 2525 2314 2586 externae
2367 2515 2537 2584 fidei.

488 2749 584 2819 40,
606 2754 654 2805 1.
691 2764 752 2803 eo
767 2749 831 2804 in
847 2756 1022 2808 metu.-
1043 2751 1149 2821 ,bei
1170 2751 1353 2806 dieser
1371 2750 1580 2806 furcht·

417 2837 585 2891 baren
637 2838 823 2906 Lage‘.
896 2844 1066 2893 metus
1117 2855 1223 2894 von
1277 2839 1417 2906 dem,
1469 2855 1581 2894 was

417 2925 627 2980 Furcht
689 2923 946 2994 einflol'st‚
1006 2926 1108 2981 wie
1168 2930 1303 2994 Agr.
1364 2929 1450 2982 44.
1513 2955 1576 2966 ——

418 3027 599 3067 omnes
632 3013 1023 3069 insbesondere
1059 3015 1240 3070 mici.

488 3103 540 3156 4.
574 3100 748 3166 fillium
773 3104 1075 3170 parvulam
1113 3103 1171 3160 C.
1199 3103 1402 3160 Caesar
1440 3103 1578 3160 Cali-

415 3189 562 3258 gula,
597 3190 716 3258 geb.
759 3194 824 3245 12
859 3209 915 3246 n.
953 3192 1081 3247 Chr.

486 3281 537 3336 6.
572 3294 675 3333 avo
711 3279 1146 3350 beriicksichtigt
1169 3281 1442 3337 zunachst
1466 3296 1574 3336 nur

418 3365 521 3421 den
558 3365 807 3437 Knaben‚
855 3368 1090 3425 welcher
1127 3369 1300 3426 durch
1338 3369 1426 3424 die
1465 3367 1573 3422 Ad-

417 3454 610 3523 option
661 3456 844 3512 seines
880 3457 1082 3513 Vaters
1132 3458 1221 3513 ein
1258 3457 1441 3514 Enkel
1477 3457 1575 3514 des

414 3540 645 3596 Kaisers
679 3558 809 3598 war.

486 3632 540 3688 8.
585 3629 816 3700 deyener
860 3631 939 3685 ad
985 3632 1070 3701 (in
1117 3632 1377 3689 Hinsicht
1430 3633 1575 3701 auf);

414 3717 524 3786 vgl.
575 3718 686 3775 Cic.
744 3737 797 3789 p.
855 3720 1017 3777 Font.
1075 3723 1141 3775 15
1203 3720 1283 3776 ad
1320 3721 1578 3788 pericula

410 3806 640 3874 fortem5
676 3806 768 3863 fin.
793 3808 865 3875 ΙΙ,
885 3811 955 3863 20
989 3808 1217 3863 timidus
1242 3808 1317 3863 ad
1338 3815 1577 3865 mortem.

489 3899 572 3954 10.
608 3895 891 3951 incedebat
927 3895 1082 3965 Impf.
1105 3898 1206 3952 wie
1230 3897 1296 3952 K.
1322 3901 1354 3952 7
1392 3898 1580 3953 dabat.

485 3985 580 4054 41,
609 3989 656 4038 1.
692 3999 841 4040 non.
861 3984 1116 4051 .fac5es.·
1156 3984 1253 4040 das
1273 3985 1398 4039 Bild
1423 3986 1579 4041 nicht

418 4073 513 4129 des
551 4073 938 4141 angesehenen
975 4073 1162 4142 Casu,
1200 4073 1341 4129 noch
1377 4074 1479 4129 wie
1519 4088 1579 4129 es

414 4162 470 4215 in
495 4161 668 4217 ihrem
690 4163 886 4232 Lager,
908 4162 1146 4217 sondern
1165 4163 1264 4217 wie
1290 4177 1349 4216 es
1372 4162 1576 4230 gleich-

417 4265 534 4304 sam
569 4251 625 4304 in
659 4251 808 4306 einer
830 4252 1234 4320 bezwungenen
1261 4250 1423 4305 Stadt
1456 4251 1577 4306 sich

419 4337 778 4394 darzubieten
815 4337 1004 4407 pflegt.

2659 2518 2849 2601 pudor

1760 2753 1814 2806 3.
1850 2746 2118 2818 prom-edi
2163 2763 2211 2802 c.
2256 2746 2385 2816 abl„
2433 2745 2539 2802 wie
2575 2744 2767 2816 Verg.
2797 2748 2843 2799 A.

1688 2839 1792 2907 111,
1828 2840 1932 2893 300
1973 2841 2164 2904 portu.
2236 2836 2454 2891 Ebenso
2501 2835 2837 2892 konstruiert

1687 2925 1872 2981 finden
1898 2925 2015 2981 sich
2029 2923 2321 2993 procedere
2347 2923 2459 2979 und
2469 2939 2832 2995 prorumpat

1690 3044 1752 3056 -
1795 3014 1918 3083 quis
1953 3054 1968 3071 .
1988 3056 2002 3070 .
2038 3028 2224 3078 sonae,
2276 3012 2365 3068 die
2416 3012 2643 3068 direkte
2686 3015 2844 3081 Frage

1686 3102 1916 3159 verleiht
1939 3101 2038 3158 der
2058 3102 2409 3171 Darstellung
2433 3102 2627 3170 grosse
2648 3104 2846 3160 Lebcn·

1682 3190 1909 3261 digkeit.

1751 3282 1806 3335 4.
1844 3277 2005 3348 quod,
2041 3278 2165 3334 weil
2201 3279 2361 3333 triste
2396 3278 2481 3334 als
2521 3278 2848 3338 Substantiv

1683 3367 1921 3424 austritt.
1991 3366 2215 3422 Andere
2237 3366 2392 3423 lesen
2417 3365 2557 3435 quid
2592 3369 2747 3425 oder
2781 3384 2848 3425 er·

1683 3462 1898 3526 ganzen
1934 3471 2139 3524 aymen.

1755 3548 1804 3600 6.
1852 3549 2105 3598 externae
2149 3542 2281 3609 fidei
2333 3559 2457 3612 gen.
2501 3544 2664 3612 qual.
2718 3546 2850 3602 ohne

1682 3632 2154 3701 ubergeordneten
2185 3631 2678 3700 Gattungsbegriff
2709 3637 2848 3705 (yen-

1682 3724 1823 3789 tem)‚
1875 3721 1976 3776 πίε
2011 3721 2108 3790 IV,
2142 3723 2213 3776 29
2258 3719 2527 3774 Lentulus
2562 3722 2852 3777 senectutis

1684 3814 1972 3864 extremae.
2045 3808 2210 3864 Diese
2260 3808 2622 3879 Brachylogie
2683 3811 2851 3865 findet

1685 3898 1806 3952 sich
1842 3896 2147 3953 besonders
2196 3897 2286 3953 bei
2333 3896 2439 3952 den
2473 3897 2849 3954 Historikern.

1686 3990 1942 4040 eaeternus
1976 3987 2216 4054 gewinnt
2251 3987 2372 4042 hier
2408 3986 2494 4042 die
2518 3986 2850 4054 Bedeutung

1684 4074 2049 4143 unsicher‚
2104 4075 2205 4130 wie
2250 4091 2311 4130 es
2363 4076 2421 4129 in
2466 4074 2567 4130 der
2613 4076 2848 4132 Fremde

1684 4163 1758 4216 im
1796 4162 2140 4230 Gegensatze
2186 4180 2287 4218 zur
2332 4164 2553 4220 Heimat
2600 4181 2675 4219 zu
2735 4165 2847 4220 sein

1683 4248 1882 4320 pflegt3
1910 4250 2006 4307 der
2023 4252 2225 4308 Zusatz
2243 4252 2522 4308 bekundet
2536 4252 2846 4309 verletzten

1682 4337 2103 4397 Nationalstolz.
2172 4340 2307 4396 Wer
2329 4345 2380 4394 et
2413 4339 2668 4412 festhalt,
2705 4341 2843 4398 muts
