2992 4825
1117 253 1294 309 Taciti
1331 253 1594 322 Agricola
1632 270 1677 310 c.
1715 258 1871 310 4—6.
2615 247 2652 307 9

324 412 402 459 ac
446 390 825 475 flagrantem
870 395 1146 460 animum
1195 396 1595 462 coercuisset.
1664 395 1921 464 Scilicet
1965 398 2229 464 sublime
2275 407 2344 467 et
2374 405 2655 467 erectum

321 498 644 581 ingenium
693 499 1224 581 pulchritudinem
1262 519 1338 568 ac
1371 503 1642 582 speciem
1673 520 1938 584 magnae
1974 503 2386 587 excelsaeque
2418 505 2656 587 gloriae

322 604 763 671 vehementius
825 623 1016 688 quam
1081 612 1266 673 caute
1331 607 1692 689 adpetebat.
1808 608 1954 675 Mox
2021 610 2335 692 mitigavit
2379 611 2543 678 ratio
2589 618 2654 676 et

316 715 518 789 aetas,
565 710 970 793 retinuitque,
1030 713 1198 794 quod
1245 719 1347 778 est
1392 712 1850 796 difficillimum,
1898 734 1975 780 ex
2020 716 2333 797 sapientia
2375 719 2652 785 modum.

502 820 560 881 5.
654 815 866 882 Prima
949 823 1303 884 castrorum
1379 820 1739 885 rudimenta
1814 821 1881 885 in
1950 820 2284 887 Britannia
2354 822 2653 888 Suetonio

318 920 605 1003 Paulino,
667 922 949 1006 diligenti
994 943 1070 991 ac
1116 924 1448 991 moderato
1495 925 1660 1005 duci,
1722 926 2120 1008 adprobavit,
2184 928 2423 994 electus
2468 946 2655 1011 quem

316 1028 740 1094 «contubernio
786 1030 1172 1096 aestimaret.
1269 1030 1400 1097 Nec
1447 1031 1743 1112 Agricola
1785 1031 2069 1114 licenter,
2118 1052 2295 1099 more
2342 1035 2654 1114 iuvenum,

311 1136 428 1217 qui
474 1134 760 1200 militiam
803 1135 871 1201 in
915 1136 1235 1202 lasciviam
1283 1142 1559 1217 vertunt,
1610 1155 1817 1219 neque
1862 1138 2143 1219 segniter
2178 1140 2263 1205 ad
2291 1139 2654 1224 voluptates

314 1245 392 1306 et
435 1245 828 1306 commeatus
875 1241 1132 1306 titulum
1177 1241 1539 1308 tribunatus
1588 1248 1652 1309 et
1698 1243 2014 1310 inscitiam
2058 1244 2341 1310 rettulit:
2389 1246 2503 1311 sed
2543 1263 2653 1312 no-

316 1364 498 1412 scere
542 1346 950 1429 provinciam‚
1007 1349 1181 1414 nosci
1228 1348 1550 1428 exercitui,
1610 1349 1856 1415 discere
1902 1367 1943 1415 a
1987 1350 2226 1431 peritis,
2271 1352 2448 1432 sequi
2495 1351 2652 1434 opti-

318 1470 479 1532 mos,
538 1451 695 1518 nihil
758 1453 1056 1535 adpetere
1101 1454 1166 1518 in
1213 1455 1637 1535 iactationem,
1703 1454 1859 1521 nihil
1905 1455 1985 1521 ob
2028 1453 2429 1522 formidinem
2474 1476 2653 1523 recu·

310 1576 468 1624 sare
535 1558 847 1640 simulque
902 1565 969 1624 et
1036 1560 1259 1625 anxius
1325 1567 1394 1627 et
1446 1562 1731 1626 intentus
1786 1579 1996 1643 agere.
2088 1562 2230 1627 Non
2285 1579 2440 1628 sane
2494 1562 2652 1629 alias

319 1665 727 1731 exercitatior
771 1665 1099 1747 magisque
1145 1666 1211 1731 in
1257 1667 1557 1747 ambiguo
1590 1666 1921 1732 Britannia
1951 1665 2097 1732 fuit:
2144 1668 2444 1735 trucidati
2482 1672 2654 1735 vete-

315 1771 486 1850 rani,
516 1771 816 1837 incensae
848 1772 1152 1852 coloniae,
1184 1773 1560 1854 intersaepti
1591 1772 1932 1852 exercitus3
1967 1777 2102 1838 tum
2137 1774 2217 1839 de
2251 1774 2478 1853 salute,
2511 1792 2653 1840 mox

313 1875 402 1943 de
433 1876 702 1943 victoria
733 1880 1072 1944 certavere.
1118 1867 1303 1956 Quae
1329 1884 1560 1944 cuncta
1591 1879 1712 1943 etsi
1744 1879 2019 1944 consiliis
2042 1878 2363 1961 ductuque
2390 1880 2652 1945 alterius

314 1983 703 2066 agebantur,
767 2001 844 2049 ac
900 2000 1146 2049 summa
1199 2002 1413 2049 rerum
1467 1989 1533 2049 et
1576 1990 1996 2067 recuperatae
2041 1985 2403 2067 provinciae
2451 1986 2654 2067 gloria

313 2089 386 2154 in
449 2088 671 2155 ducem
732 2090 949 2170 cessit,
1021 2095 1226 2155 artem
1281 2095 1348 2155 et
1393 2107 1579 2155 usum
1627 2096 1694 2155 et
1738 2090 2026 2156 stimulos
2071 2090 2374 2157 addidere
2420 2091 2651 2172 iuveni,

312 2195 708 2277 intravitque
754 2196 1034 2260 animum
1068 2194 1359 2260 militaris
1391 2195 1632 2277 gloriae
1664 2195 1909 2279 cupido,
1958 2197 2209 2277 ingrata
2238 2196 2648 2278 temporibus,

312 2300 551 2383 quibus
607 2300 865 2368 sinistra
924 2319 1080 2383 erga
1140 2302 1492 2367 eminentes
1556 2302 1995 2384 interpretatio
2050 2320 2167 2367 nec
2223 2302 2430 2368 minus
2490 2303 2653 2384 peri·

315 2407 535 2474 culum
579 2426 656 2472 ex
700 2426 931 2488 magna
977 2401 1144 2474 fama
1190 2425 1378 2489 quam
1425 2428 1503 2474 ex
1548 2408 1736 2476 mala.

503 2518 560 2578 6.
624 2513 790 2580 Hinc
846 2512 930 2579 ad
986 2514 1402 2597 capessendos
1456 2516 1872 2597 magistratus
1928 2515 1993 2580 in
2038 2515 2262 2580 urbem
2308 2515 2647 2595 digressuS,

324 2619 663 2685 Domitiam
714 2620 1145 2702 Decidianam,
1202 2619 1552 2702 splendidis
1598 2619 1919 2686 natalibus
1966 2626 2194 2701 ortam,
2254 2621 2375 2685 sibi
2421 2621 2647 2703 iunxit3

315 2724 513 2806 idque
575 2724 1042 2791 matrimonium
1109 2724 1192 2790 ad
1255 2725 1501 2790 maiora
1564 2725 1793 2791 nitenti
1863 2724 2055 2790 decus
2123 2743 2196 2789 ac
2257 2725 2454 2790 robur
2512 2724 2651 2791 fuit.

320 2831 758 2911 vixeruntque
804 2830 967 2896 mira
1012 2831 1367 2910 concordia,
1416 2849 1530 2912 per
1573 2835 1857 2895 mutuam
1906 2831 2237 2896 caritatem
2283 2837 2349 2897 et
2388 2831 2651 2897 invicem

316 2954 393 3001 se
454 2936 923 3018 anteponendo,
990 2937 1111 3001 nisi
1171 2935 1342 3018 quod
1400 2937 1464 3001 in
1526 2936 1695 3002 bona
1750 2954 1942 3002 uxore
2000 2942 2182 3001 tanto
2242 2937 2441 3002 maior
2497 2936 2654 3012 laus,

315 3047 562 3124 quanto
618 3043 684 3107 in
739 3041 908 3107 mala
965 3042 1108 3124 plus
1156 3041 1380 3124 culpae
1429 3048 1547 3110 est.
1641 3040 1790 3107 Sors
1837 3046 2221 3124 quaesturae
2266 3042 2655 3129 provinciam

327 3147 570 3226 Asiam,
632 3147 1072 3229 proconsulem
1120 3147 1400 3213 Salvium
1447 3147 1767 3213 Titianum
1830 3146 2034 3228 dedit,
2100 3165 2367 3229 quorum
2431 3152 2654 3213 neutro

316 3258 664 3335 corruptus
713 3258 828 3331 est,
878 3272 1262 3336 quamquam
1309 3260 1373 3319 et
1419 3254 1746 3335 provincia
1793 3253 1968 3318 dives
2015 3271 2088 3317 ac
2134 3257 2357 3336 parata
2390 3272 2686 3335 peccan-,

2695 1778 2760 1829 10

2696 2307 2866 2359 15·

2730 2949 2763 3002 5

320 3358 524 3440 tibus,
594 3365 659 3425 et
714 3360 1051 3442 proconsul
1103 3360 1171 3423 in
1226 3377 1474 3424 omnem
1537 3358 1905 3424 aviditatem
1961 3376 2199 3439 pronus
2256 3357 2655 3440 quantalibet
2686 3338 2696 3375 ³

315 3462 632 3530 facilitate
707 3465 1153 3548 redempturus
1231 3471 1401 3530 esset
1475 3469 1762 3529 mutuam
1839 3463 2405 3529 dissimulationem
2481 3464 2647 3531 mali.

330 3571 568 3635 Auctus
633 3575 734 3635 est
795 3571 882 3636 ibi
944 3569 1102 3650 filia,
1172 3572 1237 3636 in
1299 3570 1646 3636 subsidium
1713 3569 1901 3636 simul
1964 3576 2030 3635 et
2092 3569 2435 3671 solacium3
2509 3588 2651 3634 nam

318 3674 522 3741 filium
578 3683 728 3741 ante
783 3676 1103 3742 sublatum
1159 3677 1334 3743 brevi
1389 3676 1621 3743 amisit.
1716 3675 1863 3742 Mox
1908 3677 2077 3741 inter
2121 3680 2534 3756 quaesturam
2580 3693 2654 3740 ac

315 3781 718 3847 tribunatum
767 3782 968 3864 plebis
1015 3787 1207 3864 atque
1251 3783 1457 3863 ipsum
1505 3783 1695 3847 etiam
1742 3780 2105 3846 tribunatus
2152 3799 2385 3846 annum
2447 3781 2654 3862 quiete

319 3893 393 3953 et
439 3885 569 3954 otio
614 3889 899 3968 transiit,
959 3905 1198 3971 gnarus
1245 3887 1364 3953 sub
1410 3887 1662 3953 Nerone
1708 3893 2092 3968 temporum,
2151 3886 2379 3968 quibus
2424 3886 2655 3952 inertia

320 4011 443 4076 pro
502 3994 816 4076 sapientia
876 3993 1010 4059 fuit.
1119 3993 1294 4060 Idem
1357 3997 1691 4076 praeturae
1753 3997 1934 4058 tenor
2001 3998 2067 4058 et
2125 3992 2471 4070 silentium;
2537 4011 2654 4058 nec

318 4099 492 4165 enim
559 4100 909 4166 iurisdictio
979 4100 1344 4166 obvenerat.
1449 4099 1661 4164 Ludos
1727 4104 1793 4164 et
1854 4099 2068 4164 inania
2132 4097 2384 4163 honoris
2448 4097 2653 4163 medio

2695 3477 2762 3527 10

2692 4004 2761 4057 15

316 4206 592 4270 rationis
639 4210 831 4287 atque
878 4205 1308 4271 abundantiae
1351 4205 1551 4284 duxit,
1599 4205 1695 4271 uti
1724 4203 1914 4287 longe
1945 4223 1984 4269 a
2014 4204 2279 4281 luxuria,
2324 4203 2415 4268 ita
2444 4201 2653 4268 famae
2747 4216 2752 4221 ·

319 4312 604 4394 propior.
697 4310 856 4376 Tum
913 4310 1154 4378 electus
1210 4330 1251 4377 a
1297 4311 1506 4377 Galba
1562 4310 1646 4376 ad
1697 4311 1860 4377 dona
1918 4309 2297 4391 templorum
2352 4326 2652 4390 recogno·
