2992 4825
460 214 546 275 44
1386 223 1552 277 Liber
1585 223 1630 278 1.
1691 222 1825 291 Gap.
1860 223 1945 282 39.
1975 246 2006 274 .

565 371 777 435 tantes
803 362 1111 434 vexillarii
1157 365 1541 434 discordium
1583 365 1905 449 legionum
1948 372 2016 434 et
2043 367 2365 449 praesenti
2407 367 2681 434 duorum
2721 367 2864 433 mili·

563 479 698 540 tum
758 474 1064 557 supplicio
1124 473 1383 557 paulum
1435 474 1709 555 repressi
1761 479 1933 539 sunt.
2022 474 2299 541 iusserat
2350 473 2419 540 id
2470 473 2580 540 Μ’.
2637 472 2862 540 Ennius

564 585 920 647 castrorum
955 578 1336 663 praefectae,
1380 579 1551 645 bono
1595 579 1799 662 magis
1830 578 2113 662 exemplo
2159 598 2349 662 quam
2378 597 2684 647 concesso
2723 579 2863 644 iure.

493 708 526 759 5
563 686 791 753 deinde
833 686 1299 752 intumescente
1342 688 1521 751 motu
1562 683 1870 768 profugus
1914 690 2349 769 repertusque,
2404 688 2747 768 postquam
2785 686 2864 750 in-

561 796 742 858 tutae
770 791 1075 873 latebrae,
1107 791 1493 874 praesidium
1525 790 1607 857 ab
1636 791 1903 857 audacia
1931 796 2298 859 mutuatur:
2330 809 2456 857 non
2485 789 2864 874 praefectum

562 897 645 966 ab
707 899 805 980 iis,
875 898 987 964 sed
1050 896 1495 964 Germanicum
1554 896 1802 978 ducem,
1871 897 1985 964 sed
2046 897 2368 964 Tiberium
2435 898 2860 979 imperatorem

562 1004 804 1072 violari.
894 1003 1083 1070 simul
1133 1004 1452 1070 exterritis
1513 1003 1622 1085 qui
1680 1003 2081 1087 obstiterant,
2141 1009 2391 1087 raptum
2433 1001 2738 1069 vexillum
2791 1002 2857 1067 ad

562 1111 768 1194 ripam
810 1110 1023 1193 vertit,
1070 1116 1136 1176 et
1181 1110 1235 1175 si
1280 1108 1423 1192 quis
1467 1109 1718 1190 agmine
1762 1108 2158 1191 decessisset,
2204 1128 2322 1192 pro
2369 1110 2705 1176 desertore
2748 1105 2857 1174 fore

460 1242 528 1292 10
563 1217 915 1298 clamitans,
961 1215 1211 1282 reduxit
1253 1216 1320 1281 in
1363 1216 1628 1283 hiberna
1670 1215 1965 1282 turbidos
2010 1219 2078 1283 et
2119 1215 2277 1282 nihil
2322 1233 2535 1283 ausoS.

738 1328 843 1392 39.
901 1323 1161 1390 Interea
1210 1322 1407 1406 legati
1462 1322 1546 1388 ab
1601 1327 1829 1389 senatu
1882 1339 2242 1405 regressum
2302 1321 2429 1389 iam
2486 1321 2664 1404 apud
2707 1338 2855 1386 aram
2905 1308 2908 1399 «Ξ

562 1429 869 1496 Ubiorum
913 1429 1358 1496 Germanicum
1401 1429 1661 1497 adeunt.
1750 1430 1915 1495 duae
1959 1428 2048 1495 ibi
2090 1429 2393 1513 legiones,
2439 1428 2654 1512 prima
2694 1432 2854 1509 atque
2905 1408 2908 1475 ⁴¹

561 1536 932 1618 vicensima,
1009 1535 1419 1618 veteranique
1485 1554 1687 1618 nuper
1765 1535 1942 1602 missi
2007 1535 2125 1602 sub
2192 1535 2421 1602 vexillo
2496 1532 2851 1599 hiemabant

562 1642 827 1728 pavidos
871 1645 938 1707 et
979 1642 1367 1709 conscientia
1408 1641 1752 1708 vaecordes
1796 1641 1998 1707 intrat
2042 1645 2271 1722 metus»,
2331 1639 2587 1707 venisse
2631 1645 2845 1722 patrum
2907 1638 2908 1685 ἐ

493 1769 526 1821 5
560 1750 740 1816 iussu
807 1748 916 1830 qui
979 1748 1173 1815 inrita
1238 1747 1521 1814 facerent
1588 1765 1753 1830 quae
1816 1765 1934 1829 per
1992 1745 2366 1813 seditionem
2421 1750 2848 1829 expresserant

561 1859 757 1939 utque
800 1872 936 1921 mos
979 1854 1170 1936 vulgo
1213 1854 1501 1936 quamvis
1544 1852 1721 1920 falsis
1763 1871 1942 1920 reum
1971 1852 2262 1936 subdere,
2306 1852 2672 1919 Munatium
2697 1852 2848 1917 Plan-

562 1980 701 2027 cum
746 1959 1080 2029 consulatu
1120 1958 1426 2042 functum,
1472 1960 1822 2043 principem
1848 1958 2207 2043 legationis,
2253 1963 2583 2025 auctorem
2628 1962 2849 2024 senatus

563 2067 835 2134 consulti
876 2067 1203 2147 incusant3
1249 2069 1316 2134 et
1358 2071 1544 2132 nocte
1589 2065 1895 2133 concubia
1937 2064 2232 2131 vexillum
2275 2065 2341 2131 in
2387 2064 2582 2131 domo
2626 2064 2847 2130 Germa-

561 2173 690 2240 nici
748 2174 943 2241 situm
989 2172 1278 2258 flagitare
1339 2172 1678 2257 occipiunt,
1747 2189 2180 2254 concursuque
2242 2172 2325 2238 ad
2388 2172 2655 2238 ianuam
2709 2169 2842 2236 facto

526 2370 579 2425 2.
613 2366 924 2424 vexillarii:
942 2366 1337 2437 Abteilungem
1358 2366 1509 2423 zuK.
1527 2370 1611 2427 17.

456 2487 526 2499 —
545 2457 756 2514 discors
771 2477 789 2513 .-
805 2457 1240 2525 aufflihrerisch,
1253 2456 1610 2521 menterisch3

453 2547 529 2617 11,
563 2548 660 2616 563
694 2546 798 2615 111,
830 2548 900 2603 38
934 2563 987 2602 u.
1012 2552 1062 2601 ὖ.
1101 2576 1167 2586 -
1194 2560 1464 2615 praesens
1483 2560 1614 2613 sup·

444 2635 676 2704 placium
710 2633 817 2705 vgl.
844 2634 1025 2691 Germ.
1045 2636 1110 2689 19
1135 2648 1323 2703 poena
1335 2648 1615 2703 praesens.

523 2726 578 2779 4.
614 2723 754 2778 bono
792 2764 807 2778 .
832 2762 847 2777 .
881 2722 1033 2777 iure.-
1067 2721 1326 2780 wodurch
1361 2738 1424 2778 er
1457 2721 1616 2777 mehr

454 2813 545 2869 ein
580 2817 736 2881 gutes
774 2812 1014 2880 Beispiel
1060 2813 1184 2879 (zur
1217 2811 1616 2881 Nachahmung

454 2901 591 2957 oder
611 2900 755 2957 auch
777 2915 877 2954 zur
895 2899 1207 2968 Warnung)
1227 2900 1353 2968 gab,
1381 2899 1467 2953 als
1491 2898 1613 2954 dass

455 3005 518 3044 es
568 2989 683 3044 ihm
728 2986 998 3044 rechtlich
1045 2992 1308 3056 gestattet
1356 3002 1489 3055 war,
1543 2986 1617 3042 da

455 3093 559 3132 nur
590 3076 691 3132 der
726 3076 906 3147 Legat
939 3076 1113 3133 selbst
1148 3075 1234 3132 die
1257 3074 1616 3132 Todesstrafe

455 3165 770 3236 verhangen
829 3163 1027 3221 durfte.
1085 3194 1154 3206 —
1227 3179 1509 3220 cmwessus
1544 3190 1616 3211 ει

456 3253 669 3324 licitus;
740 3253 848 3324 vgl.
900 3254 1055 3321 XIII,
1101 3257 1136 3309 2
1189 3252 1303 3308 und
1354 3253 1505 3322 XIV,
1541 3257 1609 3309 21

451 3341 830 3410 vobuptatibue
862 3342 1144 3401 concessis.

526 3432 579 3485 8.
633 3428 708 3484 ad
752 3430 934 3499 m'qoam
988 3446 1065 3490 sc.
1121 3430 1319 3499 Rheni,
1372 3446 1456 3487 wo
1515 3430 1612 3485 das

455 3517 832 3586 Winterlager
865 3533 995 3576 war.

530 3608 615 3666 10.
673 3605 949 3662 turbidos:
1020 3606 1614 3673 aufriihrerisch3

457 3694 526 3753 K.
562 3696 634 3750 43
678 3710 732 3750 u.
770 3700 819 3751 ὃ.
876 3723 945 3735 -
997 3699 1050 3750 et
1085 3711 1183 3749 vor
1223 3695 1366 3750 nibil
1412 3698 1470 3752 in
1517 3696 1616 3752 der

455 3784 785 3852 Bedeutung
819 3799 923 3838 von
954 3781 1066 3850 scd,
1103 3785 1204 3840 wie
1233 3784 1303 3844 Κ.
1330 3788 1395 3840 13
1430 3790 1483 3840 et
1515 3784 1614 3841 mi·

453 3888 654 3927 norem.
732 3858 1056 3941 I'Iberhaupt
1113 3870 1286 3928 findet
1346 3873 1466 3928 sich
1525 3874 1616 3928 bei

455 3963 587 4018 Tac.
625 3967 678 4017 et
711 3961 807 4017 bei
838 3960 1000 4027 nihil,
1034 3958 1240 4028 nunus,
1274 3975 1444 4029 neme,
1479 3977 1612 4029 non,

453 4066 766 4120 numquam,
817 4065 900 4106 wo
948 4049 1038 4105 die
1085 4050 1359 4118 Negation
1406 4051 1463 4104 in
1515 4050 1614 4106 der

455 4139 629 4206 Regel
645 4140 806 4196 einen
820 4138 1130 4195 besondern
1142 4137 1480 4194 Nachdruck
1497 4139 1614 4198 hat.

525 4227 622 4299 39,
644 4232 693 4283 1.
726 4226 896 4296 leyati
917 4226 986 4281 ab
1003 4231 1214 4294 senatu,
1252 4226 1422 4283 deren
1445 4226 1517 4287 K.
1545 4230 1614 4282 14

458 4316 812 4387 Erwahnuug
846 4316 1154 4385 geschieht.
1200 4346 1264 4355 --
1315 4330 1616 4385 remes-sum

1716 2382 1752 2423 a
1787 2365 2078 2437 superiore
2114 2364 2363 2422 exercitu
2412 2364 2482 2422 K.
2520 2367 2611 2425 37.
2655 2391 2721 2404 —
2766 2377 2840 2418 ara
2903 2384 2906 2403 =

1724 2454 1986 2510 Ubiorum
2020 2454 2180 2511 stand
2202 2455 2260 2510 in
2285 2454 2407 2510 dem
2434 2454 2622 2523 Lager
2655 2452 2749 2508 auf
2772 2451 2842 2506 der

1717 2543 1988 2614 Alteburg
2011 2543 2226 2599 sudlich
2250 2559 2356 2599 von
2379 2543 2549 2612 Kffln,
2585 2555 2840 2610 weswegen

1718 2631 1865 2688 auch
1918 2631 2017 2687 das
2067 2632 2249 2702 Lager
2309 2632 2489 2688 selbst
2549 2633 2649 2687 mit
2696 2631 2837 2699 jenem

1719 2721 1933 2777 Namen
1968 2721 2290 2778 bezeichnet
2312 2720 2515 2777 wurde.
2590 2720 2669 2774 Es
2696 2720 2775 2787 lag
2790 2732 2836 2772 sn
2905 2787 2906 2790 Ἴ

1718 2811 1874 2867 einer
1907 2810 2050 2866 nahe
2072 2825 2163 2866 am
2181 2810 2364 2866 Rhein
2386 2807 2832 2865 hinauffahrenden
2905 2795 2906 2828 ³

1718 2898 2137 2953 Militarstrasse
2150 2938 2166 2968 ,
2248 2897 2515 2955 wahrend
2584 2896 2828 2966 Agrippina

1721 2986 1895 3043 selbst
1940 2986 2044 3043 den
2079 2986 2352 3056 Lagerort
2399 2986 2492 3042 fur
2528 2988 2689 3042 einen
2719 2983 2829 3039 mehr
2905 2979 2906 2982 ’

1720 3075 1974 3132 westlich
2096 3075 2398 3144 gelegenen
2506 3074 2834 3131 stratsenarm

1720 3164 1945 3220 bildete.

1791 3255 1840 3309 3.
1889 3253 1988 3307 sub
2020 3251 2217 3308 vcoen'uo
2265 3252 2471 3309 nahere
2508 3252 2835 3312 Bestimmung

1719 3341 1817 3398 des
1854 3341 2148 3398 Pradikats
2197 3357 2301 3397 nur
2337 3342 2394 3396 in
2429 3340 2736 3407 Beziehung
2763 3333 2836 3392 auf

1717 3429 1964 3485 veteremi
1996 3445 2052 3484 n.
2088 3429 2257 3485 missi.

1788 3520 1842 3576 4.
1879 3518 2210 3573 conscientia
2226 3518 2367 3574 nach
2394 3517 2516 3574 dem
2527 3517 2830 3572 zusammen·

1718 3605 1868 3673 hang
1898 3604 2063 3662 mala.
2091 3637 2157 3646 —
2179 3606 2391 3662 venisse
2427 3606 2518 3662 die
2547 3605 2644 3661 der
2664 3599 2830 3657 Furcht

1718 3711 1842 3749 zum
1877 3693 2101 3750 Grande
2137 3695 2387 3763 liegende
2423 3693 2673 3750 Ansicht.

1787 3786 1841 3840 6.
1874 3798 2026 3838 reum
2057 3783 2288 3838 subdere
2322 3783 2389 3839 Κ.
2423 3786 2478 3851 6,
2515 3785 2595 3838 17.

1790 3872 1841 3928 ’1.
1898 3872 2193 3928 consulatu
2227 3873 2272 3941 f.
2331 3872 2407 3928 im
2452 3872 2506 3928 J.
2543 3873 2608 3925 13
2652 3884 2700 3923 n.
2731 3864 2829 3917 Chr.

1720 3962 1835 4016 Der
1869 3961 2076 4017 Zusatz
2126 3960 2452 4016 bezeichnet
2495 3960 2584 4015 die
2625 3950 2826 4012 einfluts·

1717 4049 1907 4106 reiche
1941 4048 2194 4119 Stellung
2230 4050 2305 4104 im
2342 4048 2524 4105 Senat.

1787 4142 1838 4194 8.
1872 4144 2029 4194 nocte
2063 4137 2326 4195 concubia
2361 4138 2502 4194 auch
2524 4137 2647 4190 hist.
2665 4131 2753 4197 III,
2771 4126 2823 4180 69

1718 4244 1823 4283 von
1877 4228 1976 4284 der
2019 4227 2164 4295 Zeit,
2223 4243 2307 4284 wo
2360 4242 2487 4282 man
2537 4213 2822 4293 gewohnlich

1718 4315 1966 4371 schlafen
2018 4316 2175 4386 ging,
2230 4322 2369 4371 etwa
2415 4319 2449 4370 9
2494 4314 2607 4369 Uhr
2648 4301 2813 4364 abends
