2992 4825
1016 208 1185 263 Liber
1222 210 1265 262 1.
1320 207 1454 276 Cap.
1490 210 1577 262 58.
2423 195 2503 255 63

84 352 383 435 plerisque
414 369 643 416 eorum
691 352 798 432 qui
829 357 961 416 tum
1007 351 1073 415 in
1121 349 1507 419 deditionem
1538 349 1878 415 veniebant
1908 350 2185 433 praedae
2219 350 2401 416 data:

85 456 256 522 simul
302 456 614 539 Segestes
659 457 811 538 ipse,
871 457 1094 539 ingens
1156 447 1299 522 visu
1343 461 1410 522 et
1454 455 1757 523 memoria
1820 455 2023 522 bonae
2081 456 2405 522 societatis

84 563 421 645 inpavidus.

246 672 349 734 58.
444 668 669 734 Verba
730 668 866 733 eius
926 668 992 732 in
1046 666 1217 734 hunc
1270 667 1526 733 modum
1588 666 1798 733 fuere:
1872 684 2033 746 „non
2093 666 2196 731 hic
2254 666 2407 733 mihi

87 775 307 856 primus
355 792 519 855 erga
581 773 882 856 populum
928 772 1282 837 Romanum
1336 771 1481 839 fidei
1530 778 1596 838 et
1643 773 2041 839 constantiae
2085 773 2239 839 dieS.
2330 790 2407 837 ex

89 896 193 961 quo
234 895 273 943 a
319 878 468 944 divo
519 878 810 961 Augusto
871 879 1126 945 civitate
1173 879 1442 944 donat-us
1490 897 1649 959 sum,
1720 878 1953 944 amicos
1997 877 2408 958 inimicosque

93 1002 154 1049 cx
192 984 422 1051 vestris
481 984 874 1050 utilitatibus
922 983 1147 1066 delegi,
1219 1002 1420 1066 neque
1467 984 1613 1050 odio
1657 985 1905 1066 patriae
1959 984 2219 1066 (quippe
2266 999 2408 1065 pro-

94 1090 307 1156 ditores
356 1091 561 1156 etiam
605 1091 683 1156 iis
729 1108 886 1171 quos
933 1095 1328 1171 anteponunt
1371 1089 1555 1155 invisi
1600 1091 1795 1172 sunt),
1844 1107 2063 1155 verum
2107 1088 2257 1170 quia
2284 1087 2409 1152 Ro·
2444 1107 2479 1160 5

94 1196 270 1260 manis
327 1194 802 1277 Germanisque
866 1195 1035 1261 idem
1105 1195 1454 1262 conducere
1516 1200 1583 1262 et
1642 1214 1862 1279 pacem
1922 1212 2110 1277 quam
2173 1193 2409 1259 bellum

94 1299 439 1381 probabam.

566 1319 720 1383 ergo
788 1305 1106 1382 raptorem
1174 1298 1343 1367 filiae
1417 1319 1614 1383 meae,
1690 1301 2063 1367 violatorem
2140 1297 2410 1365 foederis

96 1407 282 1487 vestri,
350 1407 717 1472 Arminium
763 1407 935 1489 apud
981 1407 1240 1486 Varum,
1303 1407 1411 1489 qui
1456 1412 1597 1472 tum
1643 1407 1942 1473 exercitui
1988 1405 2410 1489 praesidebat,

100 1528 252 1575 reum
308 1510 457 1579 feci.

558 1511 796 1578 dilatus
865 1513 1138 1593 segnitia
1205 1512 1398 1592 ducis,
1468 1514 1621 1594 quia
1687 1531 1910 1595 parum
1976 1511 2280 1593 praesidii
2344 1512 2410 1575 in

107 1613 320 1697 legibus
366 1625 536 1699 erat,
589 1625 659 1684 ut
704 1636 804 1684 me
849 1623 917 1683 et
948 1619 1298 1684 Arminium
1344 1626 1409 1684 et
1454 1618 1734 1685 conscios
1778 1618 2046 1684 vinciret
2092 1616 2405 1699 flagitavi:
2446 1636 2514 1687 10

106 1722 258 1788 testis
301 1723 412 1790 illa
444 1744 593 1803 nox,
642 1724 796 1790 mihi
826 1725 1070 1790 utinam
1115 1726 1327 1807 potius
1374 1725 1744 1790 novissima!
1791 1742 1953 1806 quae
1995 1731 2216 1789 secut-a
2246 1725 2411 1795 sunt,

104 1823 292 1893 defleri
335 1831 546 1912 magis
594 1849 786 1912 quam
832 1829 1084 1896 defendi
1129 1836 1433 1912 possunt:
1480 1837 1764 1896 ceterum
1809 1837 1875 1894 et
1918 1830 2108 1896 inieci
2152 1834 2412 1894 catenas

111 1930 358 1999 Arminio
408 1941 478 1999 et
524 1955 567 2000 a
613 1936 889 2001 factione
936 1937 1070 2001 eius
1115 1936 1380 2008 iniectas
1431 1953 1771 2018 perpessus
1817 1953 1977 2001 sum.
2070 1939 2261 2016 atque
2306 1932 2416 1998 ubi

117 2036 348 2115 primum
410 2042 509 2105 tui
571 2042 772 2123 copia,
834 2048 1056 2107 vetera
1101 2042 1280 2107 novis
1337 2048 1404 2107 et
1447 2042 1668 2122 quieta
1725 2040 1996 2108 turbidis
2042 2038 2413 2120 antehabeo‚

121 2157 283 2223 neque
326 2146 408 2213 ob
453 2147 835 2229 praemium,
883 2147 996 2212 sed
1041 2152 1114 2212 ut
1156 2165 1261 2212 me
1305 2146 1575 2229 perfidia
1619 2146 1956 2226 exsolvam,
2005 2144 2195 2211 simul
2239 2143 2416 2228 genti
2455 2164 2519 2215 15

118 2242 556 2316 Germanorum
600 2252 864 2318 idonens
910 2252 1298 2332 conciliator,
1362 2253 1417 2316 si
1461 2252 1916 2333 paenitentiam
1975 2270 2163 2333 quam
2209 2251 2416 2332 perni-

178 2424 252 2474 18.
302 2422 540 2494 Seqestes
586 2427 688 2481 mit
739 2427 917 2483 einem
966 2443 1064 2483 aus
1112 2428 1252 2494 fere·

113 2504 301 2561 bantur
331 2529 394 2567 zu
434 2515 822 2582 erganzenden
859 2515 1146 2570 Pradikat.

173 2595 259 2667 58,
292 2602 339 2656 4.
406 2618 589 2671 neque
624 2632 693 2643 —
727 2619 912 2658 verum
947 2604 1049 2659 wie
1083 2610 1254 2658 unten

116 2695 260 2750 neque
283 2718 340 2727 -
359 2692 456 2745 sed
493 2692 586 2746 bei
613 2692 843 2760 Angabe
868 2708 973 2747 von
992 2693 1255 2749 Motiven.

124 2772 292 2829 —odio
312 2821 325 2835 .
341 2819 355 2835 .
379 2781 519 2847 quia
539 2779 687 2835 K.52
701 2780 883 2850 gloria
899 2780 1078 2837 neben
1091 2780 1253 2850 quod.

179 2862 220 2917 7.
252 2865 520 2930 probare.-
568 2868 831 2936 ‚billigen‘
879 2869 1120 2936 gewinnt
1167 2868 1253 2922 bei

119 2944 265 3003 einem
323 2953 505 3011 davon
565 2954 959 3023 abhangenden
1014 2955 1252 3010 Infinitiv

121 3030 190 3088 die
212 3036 552 3112 Bedeutnng:
592 3043 699 3113 ,die
724 3044 957 3099 Ansicht
990 3044 1254 3112 billigen‘.

118 3134 257 3187 quam
299 3129 440 3187 ohne
467 3131 680 3201 potius,
734 3133 854 3187 weil
883 3132 1127 3201 probare
1162 3131 1261 3187 auf

118 3209 219 3265 eine
236 3213 636 3289 Vergleichung
672 3219 956 3276 hindeutet
989 3221 1102 3276 und
1138 3221 1257 3277 also

114 3299 560 3362 gewissermassen
651 3308 807 3362 einen
879 3307 1259 3378 Komparativ·

117 3380 295 3453 bflssl'iff
310 3393 650 3451 einschliesst
670 3394 783 3464 (fur
802 3396 992 3453 besser
1010 3396 1224 3467 halten)
1240 3416 1254 3462 3

116 3472 209 3539 Vgl.
254 3477 356 3547 111,
396 3484 462 3535 17
514 3482 793 3536 miseratio
839 3499 1002 3552 quam
1043 3483 1259 3539 invidia

116 3564 420 3630 auqebatwr.
492 3570 676 3625 Germ.
726 3574 760 3627 6
822 3571 1042 3627 consilii
1095 3587 1260 3641 quam

113 3644 409 3710 formidtnis
442 3658 809 3713 arbitrantur.
844 3689 914 3699 —
967 3665 1165 3729 raptor
1202 3700 1216 3714 .
1244 3700 1258 3715 .

118 3733 345 3810 violator,
372 3761 482 3800 was
508 3746 683 3802 sollen
708 3746 797 3802 die
823 3746 904 3816 (in
923 3747 1261 3803 klassischer

118 3817 275 3882 Prona
316 3833 466 3888 nicht
512 3835 993 3905 gebrauchlichen)
1032 3835 1259 3891 Verbal-

121 3910 447 3975 substantiva
481 3922 813 3978 bezeichnen
828 3924 857 3978 ⁴?

181 4001 229 4054 9.
246 4018 443 4069 parum
444 4010 727 4079 praesidii
737 4011 800 4065 in
816 4011 1039 4080 leyibus,
1059 4027 1262 4081 gegen-

124 4082 245 4141 tiber
281 4091 373 4150 der
408 4099 638 4154 Ansicht
674 4099 773 4154 des
793 4099 993 4167 Varus,
1029 4100 1264 4156 welcher

123 4167 201 4226 <lie
233 4185 663 4248 augenblicklich
697 4187 851 4242 nicht
887 4187 1035 4243 offen
1069 4189 1262 4245 wider·

127 4263 428 4328 strebenden
466 4275 772 4332 Germanen
822 4277 923 4331 wie
968 4276 1133 4345 vollig
1169 4277 1263 4332 ab·

1362 2427 1599 2496 hangige
1656 2426 2036 2482 Provinzialen
2096 2426 2268 2481 durch
2324 2426 2521 2481 Gesetz

1359 2516 1470 2570 und
1494 2515 1674 2570 Recht
1707 2515 1901 2582 zugeln
1936 2532 2003 2569 zu
2026 2514 2242 2569 konnen
2278 2513 2522 2583 glaubte‚

1360 2603 1502 2658 hielt
1559 2602 1753 2671 Segest
1805 2602 2163 2658 militarische
2208 2602 2522 2657 Vorsichts·

1360 2690 1691 2758 massregeln
1729 2690 1817 2744 fur
1853 2691 2182 2759 notwendig.

1433 2784 1517 2835 11.
1571 2794 1701 2847 nox,
1753 2780 1960 2835 welche
2018 2780 2138 2834 dem
2195 2779 2260 2833 K.
2318 2780 2386 2833 55
2440 2793 2522 2833 er-

1359 2868 1616 2922 wahnten
1669 2867 1974 2922 comyivium
2021 2866 2210 2934 folgte.
2259 2895 2328 2906 —
2386 2882 2525 2934 quae

1357 2960 1546 3009 secuta
1580 2961 1712 3010 sunt
1758 2955 1848 3010 die
1883 2955 2248 3010 Varianische
2296 2954 2523 3010 Nieder-

1359 3044 1483 3112 lage
1510 3043 1620 3097 und
1643 3044 1764 3098 ihre
1783 3043 2006 3112 Folgen‚
2032 3043 2239 3098 welche
2266 3042 2523 3111 Segestes

1362 3131 1517 3185 nicht
1564 3147 1672 3185 nur
1718 3131 1874 3186 nicht
1926 3130 2254 3186 verhindern
2299 3131 2525 3196 konnte‚

1364 3219 1604 3274 sondern
1640 3235 1793 3274 wozu
1837 3235 1897 3273 er
1942 3234 2106 3287 sogar
2154 3217 2525 3273 mitzuwirken

1367 3307 1485 3363 sich
1534 3322 1868 3375 gezwungen
1905 3307 2021 3363 sah.
2064 3335 2124 3347 —
2162 3306 2340 3361 Wozu
2380 3304 2528 3361 dient

1364 3395 1450 3452 die
1459 3394 1839 3450 Allitteration
1859 3395 1915 3449 in
1936 3394 2124 3462 defleri
2141 3394 2252 3449 und
2266 3391 2527 3461 defendi?

1439 3486 1522 3538 14.
1559 3482 1647 3536 tui
1683 3483 1846 3550 copia
1882 3499 1957 3540 sc.
1996 3482 2103 3537 fuit
2140 3507 2210 3528 =
2248 3482 2525 3538 societatis

1362 3577 1544 3627 tecum
1578 3569 1887 3639 iungendae
1936 3571 2094 3639 copia
2129 3570 2278 3626 facta
2315 3578 2419 3626 est.
2457 3600 2526 3611 —

1365 3659 1660 3714 antehabeo
1714 3677 1819 3714 nur
1873 3660 2019 3716 noch
2072 3661 2168 3730 IV,
2220 3663 2316 3723 115
2373 3666 2530 3715 sonst

1363 3753 1656 3816 antepom‚
1693 3748 1796 3804 wie
1831 3749 1961 3804 hist.
1998 3748 2043 3816 1,
2069 3750 2137 3803 28
2172 3753 2529 3817 anteposuere

1357 3835 1678 3905 praesentia
1711 3836 1915 3892 dubiis.

1438 3927 1520 3978 15.
1556 3923 1827 3979 exsolvam
1862 3924 1928 3979 K.
1971 3928 2050 3979 15.

1441 4013 1525 4066 16.
1561 4012 1884 4067 conciliator
1918 4028 2053 4080 gew.
2089 4012 2187 4066 mit
2221 4012 2398 4067 einem
2423 4010 2526 4067 Ge·

1366 4099 1533 4165 netiv,
1587 4100 1686 4155 wie
1732 4100 1856 4167 XII,
1892 4102 1963 4155 25
2006 4114 2153 4155 conc.
2188 4100 2526 4167 nuptiarum.

1368 4186 1473 4241 Die
1509 4188 1718 4243 hahere
1753 4188 2127 4257 Bestimmung
2161 4187 2373 4256 ergiebt
2408 4187 2528 4244 sich

1367 4275 1493 4330 hier
1528 4290 1627 4331 aus
1665 4276 1787 4331 dem
1822 4276 2189 4334 Nebensatze.
