2992 4825
892 1152 1012 1236 DE
1065 1153 1291 1237 VITA
1344 1153 1456 1238 ET
1509 1153 1919 1240 MORIBUS

716 1361 909 1448 GN.
976 1360 1300 1446 IULII
1363 1361 2111 1450 AGRIOOLAE..

425 1687 482 1750 1.
561 1680 893 1749 Clarorum
965 1683 1240 1749 virorum
1306 1682 1484 1750 facta
1550 1700 1883 1766 moresque
1962 1683 2236 1767 posteris
2302 1683 2577 1763 tradere,

240 1788 598 1872 antiquitus
653 1789 980 1877 usitatum,
1041 1808 1122 1857 ne
1178 1791 1413 1857 nostris
1458 1790 1712 1872 quidem
1760 1790 2148 1873 temporibus
2193 1807 2574 1872 quamquam

239 1896 563 1963 incuriosa
607 1912 867 1961 suorum
914 1899 1094 1962 aetas
1132 1895 1360 1976 omisit,
1406 1896 1701 1978 quotiens
1732 1914 1965 1978 magna
1994 1895 2207 1978 aliqua
2239 1914 2316 1963 ac
2346 1895 2576 1963 nobilis

240 2001 446 2067 virtus
489 2001 645 2068 vicit
690 2019 766 2068 ac
811 2018 1229 2084 supergressa
1273 2006 1372 2068 est
1416 2002 1636 2068 vitium
1679 2004 1896 2085 parvis
1938 2002 2308 2085 magnisque
2353 2002 2575 2069 civita-

240 2107 413 2174 tibus
482 2124 839 2187 commune,
927 2107 1352 2189 ignorantiam
1419 2108 1580 2174 recti
1646 2112 1717 2174 et
1786 2107 2105 2175 invidiam.
2210 2105 2338 2174 Sed
2404 2108 2575 2190 apud
2645 2120 2681 2175 5

238 2214 486 2296 priores
539 2217 615 2279 ut
666 2230 858 2296 agere
906 2211 1100 2295 digna
1144 2219 1502 2279 memoratu
1546 2230 1821 2296 pronum
1865 2216 2196 2297 magisque
2238 2214 2305 2279 in
2350 2219 2574 2296 aperto

239 2325 399 2399 erat,
453 2320 548 2385 ita
604 2317 1050 2386 celeberrimus
1106 2319 1373 2401 quisque
1431 2319 1684 2402 ingenio
1740 2320 1823 2385 ad
1877 2320 2265 2404 prodendam
2319 2319 2574 2387 virtutis

239 2426 615 2493 memoriam
660 2419 797 2492 sine
845 2426 1055 2507 gratia
1101 2430 1215 2492 aut
1259 2425 1602 2493 ambitione
1639 2428 1841 2494 bonae
1870 2432 2121 2493 tantum
2152 2426 2575 2495 conscientiae

239 2533 447 2615 pretio
496 2532 862 2599 ducebatur.
943 2532 1035 2598 Ac
1073 2532 1362 2615 plerique
1393 2550 1576 2598 suam
1608 2533 1732 2621 ipsi
1762 2533 1956 2599 vitam
1985 2551 2250 2599 narrare
2278 2531 2569 2598 fiduciam

240 2638 455 2720 potius
500 2655 746 2705 morum
791 2655 981 2721 quam
1029 2638 1467 2720 adrogantiam
1516 2638 1814 2704 arbitrati
1857 2643 2035 2720 sunt;
2082 2656 2199 2705 nec
2236 2639 2302 2704 id
2330 2637 2570 2704 Rutilio
2608 2648 2676 2700 10

240 2749 310 2810 et
355 2743 599 2810 Scauro
645 2745 808 2810 citra
851 2743 1043 2810 fidem
1088 2747 1202 2808 aut
1245 2744 1692 2810 obtrectationi
1737 2743 1884 2809 fuit:
1944 2744 2104 2810 adeo
2147 2744 2419 2810 virtutes
2463 2743 2571 2810 iis·

242 2848 388 2917 dem
433 2849 825 2933 temporibus
862 2850 1100 2931 optime
1130 2849 1569 2930 aestimantur,
1618 2850 1847 2932 quibus
1878 2848 2171 2917 facillime
2201 2849 2568 2933 gignuntur.

241 2956 328 3020 At
383 2973 554 3021 nunc
617 2959 956 3021 narraturo
1019 2953 1173 3021 mihi
1235 2954 1434 3019 vitam
1498 2953 1775 3022 defuncti
1836 2954 2107 3021 hominis
2172 2955 2355 3021 venia
2414 2971 2571 3037 opus

240 3058 380 3140 fuit,
441 3079 632 3143 quam
691 3078 820 3126 non
881 3061 1184 3144 petissem
1246 3061 1682 3128 incusaturus:
1747 3067 1881 3127 tam
1949 3079 2142 3128 saeva
2209 3065 2275 3126 et
2337 3059 2570 3127 infesta

239 3166 582 3233 virtutibus
626 3172 933 3251 tempora.
2271 3253 2274 3256 y
2613 3176 2679 3230 15

419 3276 479 3337 2.
524 3272 839 3354 Legimus,
871 3290 1013 3339 cum
1050 3273 1327 3338 Aruleno
1358 3273 1621 3339 Rustico
1654 3271 1888 3338 Paetus
1910 3270 2214 3351 Thrasea,
2247 3270 2570 3338 Herennio
2701 3271 2704 3276 ’

241 3376 571 3445 Senecioni
602 3377 855 3444 Priscus
885 3378 1217 3443 Helvidius
1246 3376 1494 3444 laudati
1527 3383 1759 3458 essent,
1810 3376 2086 3462 capitale
2116 3376 2327 3458 fuisse,
2369 3394 2574 3458 neque

240 3485 301 3550 in
349 3485 524 3568 ipsos
567 3483 756 3549 modo
803 3489 1114 3565 auctores,
1165 3484 1278 3550 sed
1323 3484 1390 3548 in
1435 3484 1632 3551 libros
1676 3501 1927 3565 quoque
1974 3500 2192 3548 eorum
2241 3484 2571 3564 saevitum,

242 3590 537 3673 delegato
601 3589 950 3656 triumviris
1018 3590 1398 3670 ministeri0,
1469 3595 1546 3655 ut
1606 3594 2021 3656 monumenta
2083 3589 2572 3656 clarissimorum

239 3696 634 3779 ingeniorum
699 3696 766 3761 in
828 3696 1084 3762 comitio
1147 3713 1224 3762 ac
1279 3694 1413 3761 foro
1474 3700 1832 3763 urerentur.
1953 3693 2203 3761 Scilicet
2259 3694 2369 3760 illo
2426 3694 2572 3775 igne
2645 3700 2679 3754 5

241 3820 455 3869 vocem
514 3800 735 3885 populi
789 3801 1056 3868 Romani
1119 3808 1185 3868 et
1245 3800 1612 3868 libertatem
1677 3806 1937 3868 senatus
1997 3807 2064 3867 et
2126 3800 2572 3866 conscientiam

242 3901 491 3990 generis
522 3907 785 3974 humani
815 3907 1059 3974 aboleri
1089 3908 1583 3987 arbitrabantur,
1631 3907 1908 3991 expulsis
1937 3908 2196 3990 insuper
2225 3906 2573 3988 sapientiae

240 4012 708 4096 professoribus
765 4019 956 4096 atque
1013 4015 1181 4079 omni
1238 4014 1402 4079 bona
1457 4020 1600 4080 arte
1654 4015 1717 4078 in
1775 4013 2027 4079 exilium
2073 4017 2235 4093 acta,
2299 4029 2378 4076 ne
2423 4011 2572 4092 quid

242 4136 508 4201 usquam
531 4119 868 4185 honestum
892 4125 1275 4187 occurreret.
1326 4118 1629 4185 Dedimus
1651 4119 1936 4202 profecto
1961 4118 2203 4202 grande
2223 4117 2571 4200 patientiae

242 4225 719 4304 documentum3
767 4231 832 4293 et
875 4225 1040 4290 sicut
1082 4229 1264 4292 vetus
1307 4229 1486 4291 aetas
1533 4225 1693 4291 vidit
1738 4224 1886 4307 quid
1938 4226 2228 4291 ultimum
2273 4224 2340 4289 in
2383 4222 2570 4289 liber-
2611 4233 2678 4285 10

243 4335 371 4399 tate
415 4336 606 4412 esset,
652 4331 742 4397 ita
787 4349 902 4397 nos
948 4330 1101 4413 quid
1146 4332 1212 4396 in
1257 4332 1587 4415 servitute,
1635 4331 1933 4412 adempto
1978 4348 2095 4414 per
2130 4329 2571 4411 inquisitiones
2705 4331 2708 4332 *
2751 4337 2754 4338 *
