2992 4825
447 222 530 282 30
1370 236 1542 293 Liber
1579 240 1621 292 Ι.
1676 239 1807 308 Gap.
1844 244 1931 295 23.

552 378 983 445 communibus
1030 380 1370 447 commodis
1399 386 1586 447 nocte
1630 382 1914 464 proxima
1957 381 2271 465 iugulavit
2316 400 2429 464 per
2474 380 2841 464 gladiatores
2919 394 2922 403 ⁴

550 503 718 565 suos,
784 504 942 569 quos
987 487 1053 552 in
1099 488 1358 553 exitium
1416 487 1686 553 militum
1731 487 1930 554 habet
1974 494 2167 570 atque
2215 493 2441 556 armat.
2533 487 2840 570 responde,

548 590 794 672 Blaese,
840 592 951 657 ubi
995 593 1266 658 cadaver
1313 593 1649 659 abieceris:
1710 612 1791 659 ne
1835 593 2052 660 hostes
2097 594 2349 676 quidem
2395 593 2725 676 sepultura
2761 594 2844 656 in·
2921 617 2922 623 ¹

448 715 515 767 10
550 697 784 764 vident.
875 717 1019 763 cum
1065 698 1316 779 osculiS,
1383 718 1525 764 cum
1571 699 1848 765 lacrimis
1904 700 2185 765 dolorem
2247 718 2457 765 meum
2501 698 2843 782 implevero,
2913 734 2916 823 h

551 820 652 867 me
698 821 946 886 quoque
1002 805 1307 871 trucidari
1352 805 1515 887 iube,
1578 806 1727 871 dum
1779 805 2147 872 interfectos
2202 805 2444 870 nullum
2502 806 2581 872 ob
2637 804 2845 885 sceluS,
2913 830 2916 857 2*

552 909 666 974 sed
708 911 858 991 quia
902 910 1160 977 utilitati
1204 910 1525 994 legionum
1573 912 2079 992 consulebamuS,
2125 912 2193 977 hi
2237 911 2605 995 sepeliant.“

730 1020 831 1083 23.
904 1017 1290 1082 Incendebat
1349 1015 1507 1082 haec
1565 1014 1717 1083 fletu
1786 1022 1851 1082 ct
1917 1023 2139 1099 pectus
2199 1022 2390 1099 atque
2443 1034 2514 1082 os
2578 1015 2845 1080 manibus
2919 1026 2923 1039 ’

551 1120 912 1188 verberans,

1017 1139 1163 1186 mox
1223 1122 1506 1188 disiectis
1572 1140 1837 1204 quorum
1905 1142 2021 1205 per
2087 1140 2339 1188 umeros
2407 1121 2843 1200 sustinebatur,

549 1243 857 1308 praeceps
919 1231 984 1291 et
1041 1227 1431 1307 singulorum
1489 1227 1759 1309 pedibus
1806 1227 2143 1293 advolutus
2203 1231 2453 1293 tantum
2502 1233 2846 1292 consterna·
2921 1244 2922 1267 ¹

549 1331 738 1396 tionis
805 1332 1204 1414 invidiaeque
1271 1333 1560 1412 concivit,
1632 1337 1704 1397 ut
1763 1351 1912 1415 pars
1979 1333 2248 1397 militum
2308 1332 2702 1415 gladiatores
2758 1330 2847 1412 qui

481 1456 513 1508 5
551 1454 587 1502 e
647 1437 905 1503 servitio
959 1436 1174 1503 Blaesi
1228 1444 1428 1518 erant,
1491 1457 1644 1520 pars
1700 1443 1976 1505 ceteram
2032 1438 2313 1504 eiusdem
2371 1437 2682 1503 familiam
2734 1436 2845 1500 vin-
2921 1432 2922 1457 ³

551 1542 770 1623 cirent,
834 1543 941 1608 alii
999 1543 1082 1609 ad
1139 1544 1571 1627 quaerendum
1627 1562 1853 1627 corpus
1908 1542 2398 1613 effunderentur.
2493 1562 2570 1609 ac
2612 1542 2687 1606 ni
2728 1559 2842 1624 pro·
2920 1556 2922 1597 ῑ

549 1665 702 1730 pere
746 1666 950 1729 neque
981 1667 1211 1732 corpus
1255 1649 1456 1714 ullum
1487 1650 1768 1732 reperiri,
1815 1653 1881 1715 et
1909 1668 2124 1716 servos
2155 1649 2454 1716 adhibitis
2487 1647 2838 1713 cruciatibus
2921 1640 2922 1645 ’

550 1752 833 1820 abnuere
863 1754 1139 1836 caedem,
1186 1773 1393 1838 neque
1422 1755 1518 1821 illi
1560 1755 1753 1821 fuisse
1798 1774 2098 1838 umquam
2129 1755 2389 1822 fratrem
2417 1754 2843 1838 pernotuisset,

456 1953 459 1957 ‚
550 1857 724 1924 haud
785 1860 1052 1926 multum
1123 1862 1205 1927 ab
1272 1862 1461 1926 exitio
1530 1861 1727 1944 legati
1790 1861 2078 1929 aberant.
2170 1862 2455 1927 tribunos
2517 1866 2734 1925 tamen
2782 1875 2845 1922 ac
2917 1882 2923 1985 1

451 1986 516 2038 10
552 1964 941 2046 praefectum
1000 1973 1352 2033 castrorum
1398 1972 1741 2049 extrusere,
1803 1968 2090 2033 sarcinae
2136 1966 2510 2050 fugientium
2560 1966 2844 2047 direptae,

554 2076 618 2136 et
674 2072 956 2137 centurio
1002 2073 1277 2138 Lucilius
1334 2071 1756 2153 interficitur„
1795 2074 1897 2139 cui
1954 2073 2336 2138 militaribus
2395 2070 2644 2138 facetiis
2692 2088 2847 2135 voca-

552 2176 770 2242 bulum
832 2178 1023 2257 „cedo
1077 2179 1386 2244 alteram“
1449 2178 1830 2259 indiderant,
1899 2180 2045 2260 quia
2099 2178 2308 2244 fracta
2360 2178 2489 2243 vite
2555 2178 2622 2242 in
2689 2181 2845 2257 tergo

552 2283 767 2348 militis
825 2283 1093 2350 alteram
1150 2285 1328 2351 clara
1370 2303 1526 2351 voce
1592 2303 1666 2351 ac
1711 2303 1931 2350 rursus
1975 2285 2164 2350 aliam
2210 2284 2533 2367 poscebat.
2626 2288 2846 2347 ceteros

552 2388 838 2455 latebrae
901 2394 1135 2471 texere,
1201 2409 1327 2456 uno
1384 2395 1634 2457 retento
1689 2390 2012 2457 Clemente
2071 2390 2250 2470 Iulio,
2313 2390 2421 2473 qui
2477 2385 2846 2472 perferendis

451 2514 515 2564 15
555 2495 826 2560 militum
884 2497 1203 2562 mandatis
1258 2496 1617 2563 habebatur
1674 2497 1938 2563 idoneus
1994 2496 2075 2562 ob
2120 2500 2480 2579 promptum
2524 2494 2845 2579 ingenium.

555 2601 704 2681 quin
765 2603 942 2684 ipsae
1000 2603 1167 2674 inter
1221 2620 1289 2668 se
1334 2602 1613 2686 legiones
1669 2607 1894 2669 octava
1939 2608 2005 2668 et
2050 2603 2272 2684 quinta
2325 2601 2592 2668 decuma
2634 2599 2843 2665 ferrum

519 2882 568 2934 7.
592 2880 945 2950 pladiatoreS,
970 2882 1173 2938 welche
1191 2899 1294 2937 von
1311 2882 1415 2938 den
1429 2882 1604 2938 Statt·

446 2967 666 3028 haltern
712 2970 985 3025 zunachst
1030 2987 1130 3026 zur
1168 2971 1608 3039 Veranstaltung

447 3072 555 3110 von
601 3056 823 3126 Spielen
869 3057 1129 3125 gehalten
1181 3059 1421 3113 wurden.
1483 3060 1604 3127 Vgl.

447 3144 599 3211 XIII,
638 3149 704 3201 31
755 3145 929 3200 edixit
971 3143 1188 3212 Caesar,
1226 3163 1294 3200 ne
1332 3148 1456 3215 quis
1491 3162 1605 3200 ma-

441 3233 714 3303 yistratus
736 3239 836 3288 aut
861 3239 1212 3302 procurator,
1253 3235 1346 3302 qui
1372 3235 1605 3303 provin·

323 3344 330 3351 ·
445 3322 586 3376 ciam
634 3322 913 3390 obtineret,
972 3322 1337 3391 spectaculum
1389 3322 1605 3393 yladia-

447 3415 630 3464 torum
665 3411 860 3466 ederet.

519 3518 570 3571 9.
627 3516 722 3569 ubi
758 3557 771 3570 .
799 3560 813 3574 .
848 3516 1106 3571 abe'eceris
1142 3516 1248 3585 vgl.
1285 3516 1434 3572 Suet.
1473 3517 1606 3572 Ner.

447 3607 518 3659 48
577 3603 739 3658 odore
793 3604 987 3658 abiecti
1030 3605 1093 3658 in
1146 3606 1241 3659 via
1293 3604 1577 3659 cadaveris
1585 3624 1605 3673 ;

450 3692 559 3747 Cic.
611 3691 703 3748 fin.
743 3692 810 3761 V,
849 3695 934 3759 30,
972 3696 1042 3748 92
1087 3693 1313 3747 anulum
1358 3693 1419 3746 in
1464 3694 1609 3747 mari

450 3781 721 3834 abiecerat
730 3800 750 3847 ,·
789 3782 945 3838 Caes.
983 3782 1034 3835 b.
1061 3798 1112 3849 g.
1151 3781 1217 3850 V,
1244 3785 1310 3835 10
1344 3797 1513 3835 naves
1546 3782 1609 3834 in

448 3869 609 3923 litore
656 3868 871 3935 eiectae,
932 3871 1105 3925 wobei
1163 3870 1316 3923 nicht
1369 3886 1441 3924 an
1499 3869 1608 3924 den

450 3958 571 4025 Ort,
644 3958 825 4013 wohin
887 3964 1058 4013 etwas
1116 3958 1391 4025 geworfen
1449 3959 1605 4026 wird,

450 4047 690 4102 sondern
718 4064 800 4103 wo
838 4062 897 4102 es
937 4046 1055 4101 sich
1078 4046 1335 4113 befindet,
1370 4046 1607 4115 gedacht

449 4135 602 4190 wird.
642 4134 722 4175 -’
743 4136 988 4190 v'awidere
1022 4152 1072 4193 c.
1108 4135 1214 4188 abl.
1251 4150 1398 4193 caus.
1436 4136 1607 4190 schon

450 4224 542 4278 bei
563 4224 753 4278 Livius
772 4225 845 4292 11,
863 4227 935 4278 40
968 4238 1081 4277 mm
1104 4223 1422 4277 inviderunt
1445 4223 1608 4277 laude

453 4328 558 4365 sua
591 4312 908 4366 mulieribus
940 4311 1051 4365 viri
1086 4311 1338 4365 Romani.

1785 2887 1868 2937 10.
1903 2882 2122 2950 implere
2156 2898 2261 2936 von
2294 2882 2448 2937 einer
2484 2880 2843 2936 Gemiitsstim·
2921 2865 2922 2872 ἵ

1712 2989 1899 3041 mung:
1941 2972 2283 3039 sattigen.

1780 3078 1875 3150 23,
1917 3083 1963 3133 1.
2009 3076 2327 3131 incendebat
2360 3076 2493 3130 haec
2529 3075 2659 3143 (vgl.
2695 3075 2762 3141 Π,
2792 3076 2846 3126 82

1711 3182 1979 3221 sermones
2030 3165 2319 3234 incendit):
2393 3166 2584 3219 seinen
2646 3163 2845 3218 Worten

1713 3257 1873 3312 einen
1910 3256 2017 3311 tief
2036 3253 2418 3323 ergreifenden
2445 3251 2728 3306 Eindruck
2749 3264 2845 3303 ver·

1714 3345 1915 3401 leihen.
1987 3330 2137 3399 iiber
2184 3342 2283 3396 das
2335 3339 2492 3410 Impf.
2545 3357 2617 3394 zu
2653 3339 2848 3403 Anfang

1714 3434 1866 3487 eines
1904 3431 2096 3486 Satzes
2131 3430 2236 3498 vgl.
2274 3428 2343 3484 K.
2380 3434 2412 3484 7
2448 3428 2636 3482 dabat.

1785 3524 1835 3577 5.
1883 3519 2172 3587 familiam,
2230 3518 2365 3587 Agr.
2418 3517 2500 3585 19,
2538 3520 2571 3570 2
2629 3515 2846 3569 domum:

1714 3609 1803 3663 die
1837 3625 1959 3662 zum
1986 3606 2216 3675 Gefolge
2252 3606 2348 3660 des
2388 3603 2743 3659 Statthalters
2772 3615 2846 3670 ge·

1715 3696 1996 3751 horenden
2034 3695 2405 3764 apparitoreS,
2442 3695 2690 3761 lictores,
2715 3706 2844 3761 prae·

1716 3799 1898 3853 eones,
1937 3783 2170 3850 scribae,
2208 3783 2461 3837 viatores.

1787 3875 1835 3926 9.
1877 3872 1945 3925 ab
1981 3871 2152 3925 exitio
2190 3870 2420 3924 aberant
2456 3870 2564 3938 vgl.
2604 3870 2727 3926 hist.
2761 3868 2844 3932 III,

1714 3962 1784 4014 32
1818 3958 1979 4013 caede
2014 3960 2257 4013 aberant.

1789 4051 1868 4102 14.
1921 4048 2192 4115 perferre.-
2254 4062 2376 4101 aus
2395 4046 2699 4114 richten3
2756 4041 2844 4109 vgl.

1711 4138 1801 4191 26.
1835 4138 1925 4193 57.

1788 4227 1871 4278 15.
1908 4223 2139 4278 idoneus
2175 4224 2278 4278 wie
2304 4228 2484 4291 aptus,
2511 4226 2842 4290 opportunus,

1713 4311 1916 4379 facilia,
1942 4316 2237 4381 promptus
2272 4328 2324 4365 u.
2361 4327 2410 4366 a.
2450 4310 2577 4378 Adj.
2613 4311 2710 4365 mit
2742 4306 2842 4361 dem
