2992 4825
292 205 370 268 12
1034 219 1216 273 Taciti
1254 218 1515 287 Agricola.
1551 234 1595 274 c.
1638 223 1862 274 10—12.

286 359 457 427 litur.
550 359 858 427 Naturam
930 360 1164 426 Oceani
1228 364 1422 442 atque
1491 364 1707 426 aestus
1775 378 1981 441 neque
2050 379 2359 443 quaerere
2428 359 2615 427 huius

286 465 496 547 operis
560 469 688 545 est,
765 485 840 532 ac
907 467 1089 532 multi
1164 466 1501 531 rettulere:
1577 484 1772 530 unum
1805 490 1812 499 ·
1841 466 2225 544 addiderim,
2301 484 2616 548 nusquam

285 571 479 637 latius
527 571 832 638 dominari
877 590 1080 652 mare,
1144 572 1409 636 multum
1460 569 1784 636 fluminum
1829 571 1953 637 huc
2000 576 2194 655 atque
2237 572 2386 637 illuc
2432 572 2616 652 ferre,

179 683 248 737 25
286 695 403 743 nec
448 677 634 742 litore
680 683 865 743 tenus
914 678 1287 744 adcrescere
1334 682 1448 743 aut
1493 677 1837 756 resorberi,
1895 678 2008 742 sed
2054 675 2317 743 influere
2361 679 2616 760 penitus

286 789 476 865 atque
522 782 780 862 ambire,
842 788 908 848 et
965 784 1132 866 iugis
1179 784 1372 848 etiam
1420 802 1496 849 ac
1543 784 1862 850 montibus
1907 784 2103 850 inseri
2148 784 2322 850 velut
2366 784 2432 848 in
2478 803 2614 854 sue.

469 893 498 953 1
514 893 568 956 1.
646 887 943 954 Ceterum
1006 888 1401 955 Britanniam
1469 888 1579 971 qui
1652 889 1957 955 mortales
2031 889 2211 956 initio
2289 889 2613 972 coluerint,

286 995 622 1077 indigenae
688 1014 767 1060 an
830 995 1112 1074 advecti,
1180 999 1252 1060 ut
1311 995 1477 1060 inter
1544 995 1856 1060 barbaros
1918 1012 2145 1077 parum
2207 1000 2614 1077 compertum.

288 1099 560 1166 Habitus
607 1118 940 1183 corporum
985 1101 1144 1166 varii
1190 1108 1382 1183 atque
1430 1119 1507 1166 ex
1552 1118 1629 1166 eo
1678 1105 2073 1183 argumenta.
2168 1099 2457 1183 Namque
2509 1120 2616 1166 ru-

287 1206 441 1272 tilae
487 1204 891 1272 Caledoniam
937 1206 1358 1272 habitantium
1405 1224 1644 1287 comae,
1694 1208 1902 1288 magni
1950 1212 2129 1272 artus
2174 1205 2614 1273 Germanicam

181 1318 216 1370 ὅ
288 1312 594 1393 originem
639 1312 1046 1392 adseverant;
1107 1311 1385 1378 Silurum
1432 1312 1696 1378 colorati
1742 1313 1984 1393 vultuS‚
2046 1314 2200 1379 torti
2245 1312 2619 1395 plerumque

288 1419 493 1484 crines
538 1422 606 1483 et
647 1418 859 1500 posita
905 1422 1128 1484 contra
1175 1417 1482 1500 Hispania
1527 1419 1747 1485 Iberos
1791 1424 2042 1484 veteres
2088 1418 2420 1484 traiecisse
2482 1436 2611 1484 eas-

289 1542 409 1606 que
463 1524 646 1590 sedes
702 1541 1047 1605 occupasse
1105 1521 1292 1589 fidem
1347 1522 1621 1603 faciunt3
1683 1524 1954 1606 proximi
1998 1522 2201 1589 Gallis
2258 1529 2323 1590 et
2382 1522 2617 1590 similes

289 1635 470 1709 sunt,
534 1647 648 1696 seu
705 1630 972 1696 durante
1032 1630 1291 1711 originis
1350 1630 1415 1695 vi
1478 1649 1593 1696 seu
1656 1631 2177 1711 procurrentibus
2236 1631 2304 1695 in
2361 1630 2618 1696 diversa

289 1736 479 1802 terris
539 1735 770 1818 positio
831 1735 992 1802 caeli
1048 1735 1420 1817 corporibus
1479 1719 1762 1801 habitum
1828 1735 2021 1803 dedit.
2122 1736 2197 1801 In
2254 1736 2616 1802 universum

184 1848 254 1898 10
288 1846 503 1907 tamen
528 1842 894 1907 aestimanti
927 1839 1144 1907 Gallos
1176 1840 1449 1906 vicinam
1481 1841 1752 1907 insulam
1782 1859 2129 1923 occupasse
2162 1841 2464 1907 credibile
2495 1846 2614 1926 est.

290 1947 527 2014 Eorum
592 1964 779 2014 sacra
846 1947 1282 2029 deprehendas
1338 1947 1860 2030 superstitionum
1903 1947 2343 2030 persuasione3
2408 1924 2614 2014 sermo

288 2053 457 2120 haud
491 2055 759 2119 multum
793 2054 1104 2136 diversus3
1139 2054 1200 2118 in
1236 2054 1647 2135 deposcendis
1670 2054 1964 2136 periculis
1990 2055 2215 2120 eadem
2240 2054 2509 2120 audacia
2534 2059 2615 2135 et,

290 2160 396 2226 ubi
422 2160 754 2239 advenere,
788 2162 853 2223 in
877 2160 1303 2225 detrectandis
1328 2160 1551 2225 eadem
1575 2157 1862 2226 formido.
1920 2159 2071 2226 Plus
2096 2165 2311 2226 tamen
2341 2159 2618 2226 ferociae

287 2265 574 2331 Britanni
618 2263 1008 2346 praeferunt,
1054 2270 1125 2330 ut
1155 2283 1313 2347 quos
1346 2265 1624 2330 nondum
1655 2264 1849 2348 longa
1880 2284 2002 2347 pax
2033 2265 2390 2332 emollierit.
2455 2265 2617 2330 Nam

182 2377 251 2428 15
290 2370 509 2439 Gallos
556 2389 806 2454 quoque
850 2372 916 2437 in
961 2370 1145 2437 bellis
1192 2368 1478 2438 floruisse
1527 2370 1917 2454 accepimus3
1965 2390 2111 2438 mox
2156 2372 2431 2455 segnitia
2476 2389 2619 2438 cum

290 2479 419 2544 otio
464 2478 745 2555 intravit,
806 2479 1041 2544 amissa
1083 2479 1319 2543 virtute
1363 2478 1607 2560 pariter
1651 2496 1724 2543 ac
1770 2478 2096 2561 libertate3
2154 2479 2323 2561 quod
2368 2478 2619 2544 Britan-

289 2601 510 2650 norum
568 2583 717 2649 olim
771 2584 952 2649 victis
1008 2585 1246 2661 evenit3
1306 2584 1503 2650 ceteri
1558 2589 1817 2649 manent
1861 2584 2079 2667 quales
2128 2583 2297 2651 Galli
2341 2582 2614 2651 fuerunt.

471 2693 570 2756 12.
632 2690 706 2754 In
760 2690 975 2772 pedite
1031 2690 1251 2772 robur;
1315 2690 1627 2772 quaedam
1684 2689 1976 2755 nationes
2030 2696 2096 2755 et
2154 2708 2342 2755 curru
2386 2689 2618 2772 proeli-

288 2800 496 2862 antur.
590 2795 935 2862 Honestior
996 2795 1248 2877 auriga,
1306 2795 1567 2861 clientes
1623 2801 2045 2878 propugnant.
2140 2796 2305 2862 Olim
2362 2795 2617 2876 regibus

286 2900 622 2982 parebant,
686 2919 853 2966 nunc
911 2919 1028 2983 per
1062 2901 1382 2983 principes
1427 2899 1811 2967 factionibus
1858 2906 1923 2965 et
1966 2901 2194 2966 studiis
2241 2901 2615 2967 trahuntur:

287 3024 404 3071 nec
449 3006 620 3070 aliud
665 3006 971 3071 adversus
1017 3006 1440 3072 validissimas
1487 3013 1711 3087 gentes
1758 3025 1873 3088 pro
1919 3005 2103 3072 nobis
2141 3006 2378 3085 utiliuS,
2426 3024 2618 3088 quam

173 3121 212 3173 5
287 3112 453 3193 quod
498 3112 564 3177 in
611 3130 938 3177 commune
984 3130 1106 3177 non
1154 3113 1504 3178 consulunt.
1596 3112 1805 3178 Rarus
1852 3113 2095 3178 duabus
2139 3112 2421 3178 tribusve
2469 3112 2616 3177 civi·

286 3216 529 3283 tatibus
585 3218 667 3282 ad
722 3218 1217 3300 propulsandum
1279 3235 1606 3283 commune
1663 3217 2014 3300 periculum
2074 3224 2457 3284 conventus:
2522 3218 2617 3283 ita

286 3321 518 3405 singuli
562 3330 866 3406 pugnant,
919 3324 1193 3389 universi
1236 3324 1589 3391 vincuntur.

463 3427 725 3493 Caelum
794 3430 1031 3495 crebris
1096 3429 1401 3495 imbribus
1475 3448 1550 3495 ac
1629 3431 1875 3496 nebulis
1944 3428 2227 3509 foedum3
2304 3429 2615 3511 asperitas

286 3532 593 3616 frigorum
653 3535 854 3600 abest.
948 3535 1208 3600 Dierum
1263 3536 1472 3616 spatia
1533 3536 1705 3601 ultra
1759 3538 1960 3601 nostri
2006 3537 2177 3603 orbis
2223 3553 2611 3617 mensuram3

184 3653 251 3703 10
287 3658 408 3703 nox
465 3640 638 3705 clara
685 3645 750 3706 et
774 3644 1080 3705 ,extrema
1125 3641 1492 3705 Britanniae
1540 3646 1724 3721 parte
1768 3641 2009 3721 brevis,
2074 3646 2145 3706 ut
2189 3640 2377 3707 finem
2423 3646 2616 3722 atque

283 3745 532 3810 initium
576 3746 737 3812 lucis
782 3746 1007 3828 exiguo
1055 3745 1410 3810 discrimine
1455 3746 1868 3812 internoscaS.
1937 3746 2121 3824 Quod
2168 3748 2223 3812 si
2253 3746 2453 3812 nubes
2486 3763 2614 3812 non

286 3848 586 3928 officiant,
631 3851 826 3932 aspici
873 3869 988 3932 per
1033 3855 1279 3914 noctem
1328 3849 1479 3914 solis
1525 3849 1853 3931 fulgorem,
1903 3869 2017 3915 nec
2061 3851 2349 3917 occidere
2396 3855 2461 3916 et
2507 3870 2614 3917 ex-

286 3973 565 4037 surgere,
615 3956 727 4021 sed
774 3958 1045 4021 transire
1090 3952 1448 4021 adfirmant.
1532 3954 1783 4021 Scilicet
1829 3961 2113 4022 extrema
2158 3960 2224 4022 et
2262 3956 2455 4038 plana
2486 3962 2612 4021 ter-

287 4079 498 4127 rarum
544 4061 765 4127 humili
810 4061 1038 4125 umbra
1080 4077 1207 4125 non
1253 4060 1509 4142 erigunt
1554 4062 1870 4140 tenebraS,
1914 4061 2206 4144 infraque
2253 4062 2498 4128 caelum
2548 4067 2614 4127 et

178 4178 249 4230 15
286 4167 497 4232 sidera
552 4186 675 4233 nox
735 4167 921 4232 cadit.
1022 4164 1239 4231 Solum
1302 4171 1554 4247 praeter
1617 4166 1823 4233 oleam
1885 4169 2206 4248 vitemque
2272 4174 2338 4233 et
2396 4173 2613 4234 cetera

287 4272 686 4339 calidioribus
732 4273 919 4338 terris
967 4273 1119 4337 oriri
1162 4274 1362 4350 sueta,
1409 4273 1658 4354 patiens
1699 4271 1971 4356 frugum,
2017 4272 2383 4339 fecundum:
2432 4274 2612 4339 tarde
