2992 4825
476 242 600 302 152

1387 252 1556 308 Liber
1589 252 1662 311 11.
1718 252 1851 322 Cap.
1886 254 1972 308 63.

576 394 1023 461 clauderentur
1070 395 1309 462 domus,
1402 393 1640 477 passim
1686 392 1940 460 silentia
1986 400 2053 460 et
2096 394 2390 477 gemitus),
2438 394 2602 460 nihil
2651 415 2782 461 com

574 501 768 566 situm
812 502 878 566 in
926 502 1447 580 ostentationem
1496 506 1562 565 et
1605 518 1985 582 quamquam
2029 518 2232 583 neque
2275 501 2638 583 insignibus
2671 489 2838 583 'luge

576 608 731 673 tium
778 607 1187 686 abstinerent,
1248 606 1443 672 altius
1488 606 1716 672 animis
1762 606 2149 673 maerebant.
2243 604 2406 672 forte
2449 608 2779 689 negotiato

574 712 824 777 vivente
872 711 1078 780 adhuc
1125 710 1502 778 Germanico
1549 710 1736 777 Suria
1782 712 2040 794 egressi,
2090 711 2359 778 laetiora
2404 713 2484 777 de
2529 712 2824 777 valetudi

470 837 537 888 15
575 820 710 883 eius
757 816 1050 884 attulere.
1143 818 1360 883 statim
1406 818 1667 897 credita,
1717 818 1935 883 statim
1981 817 2240 899 vulgata
2284 824 2463 883 sunt:
2511 823 2588 882 ut
2635 819 2824 901 quisq
2895 901 2896 904 Ἴ

573 923 815 1004 obviuS,
863 923 1146 1006 quamvis
1192 923 1418 989 leviter
1462 923 1681 989 audita
1735 924 1799 989 in
1847 923 2002 989 alios
2047 929 2237 1006 atque
2280 924 2374 989 illi
2414 924 2481 989 in
2525 923 2758 1006 plurffl
2801 943 2838 989 c

573 1029 811 1094 mulata
842 1029 1074 1111 gaudio
1105 1026 1518 1095 transferunt.
1612 1034 1874 1095 cursant
1917 1047 2030 1110 per
2061 1029 2303 1110 urbem,
2351 1029 2710 1095 moliuntur

571 1134 818 1218 plorum
865 1133 1066 1213 fores;
1113 1136 1289 1200 iuvat
1335 1135 1782 1201 credulitatem
1827 1153 1954 1201 nox
2000 1140 2065 1201 et
2108 1136 2457 1218 promptior
2500 1136 2684 1200 inter
2738 1141 2842 1200 ten

573 1241 725 1307 bras
780 1240 1159 1308 adfirmatio,
1253 1261 1369 1308 nec
1431 1242 1683 1308 obstitit
1741 1240 1923 1307 falsis
1979 1241 2285 1324 Tiberius,
2352 1241 2548 1308 donec
2611 1246 2760 1307 tem

461 1364 536 1416 20
572 1366 651 1414 ac
696 1348 901 1430 spatio
931 1353 1384 1414 vanescerent:
1431 1354 1497 1414 et
1528 1348 1798 1431 populus
1829 1349 2011 1431 quasi
2056 1366 2313 1414 rursum
2360 1352 2658 1429 ereptum
2692 1347 2872 1413 acri¹

574 1452 794 1521 doluit.

748 1564 853 1626 83.
925 1558 1229 1639 HonoreS,
1290 1564 1363 1623 ut
1407 1559 1549 1641 quis
1596 1578 1812 1625 amore
1857 1561 1924 1625 in
1971 1559 2419 1626 Germanicum
2478 1563 2599 1624 aut
2647 1558 2871 1640 ingeni

572 1663 841 1743 validuS,
911 1663 1149 1745 reperti
1214 1663 1619 1746 decretique:
1689 1669 1761 1730 ut
1823 1682 2054 1730 nomen
2121 1665 2256 1729 eius
2316 1662 2547 1729 Saliari
2622 1664 2874 1729 carmin

573 1773 940 1847 caneretur3
998 1768 1182 1835 sedes
1229 1769 1483 1835 curules
1529 1770 1933 1836 sacerdotum
1982 1770 2427 1853 Augustalium
2473 1768 2637 1836 locis
2684 1787 2882 1851 super

571 1893 696 1958 que
740 1893 849 1941 eas
894 1892 1207 1957 querceae
1253 1892 1523 1942 coronae
1554 1881 2025 1955 statuerentur3
2068 1877 2251 1942 ludos
2299 1877 2614 1942 circenses
2661 1875 2902 1940 eburna

497 1999 534 2052 5
575 1978 816 2063 effigies
860 1981 1159 2063 praeiret,
1206 2000 1366 2047 neve
1410 1982 1552 2064 quis
1598 1979 1826 2047 flamen
1875 1988 1988 2048 aut
2035 2000 2240 2063 augur
2283 1982 2350 2047 in
2395 1981 2608 2046 locum
2638 1980 2898 2045 Germa·

571 2086 698 2151 nici
742 2087 862 2152 nisi
906 2087 1114 2169 gentis
1162 2085 1361 2152 Iuliae
1408 2092 1755 2153 crearetur.
1848 2106 2034 2154 arcus
2081 2088 2280 2154 additi
2324 2087 2568 2153 Romae
2617 2092 2688 2152 et
2729 2086 2891 2171 apud
2939 2087 2940 2102 ¹

571 2191 777 2273 ripam
808 2191 1010 2257 Rheni
1055 2197 1123 2258 et
1159 2193 1225 2257 in
1256 2198 1474 2259 monte
1505 2191 1729 2259 Suriae
1763 2194 2022 2274 Amano,
2074 2212 2216 2260 cum
2247 2193 2665 2275 inscriptione
2691 2211 2878 2257 rerum

539 2427 624 2478 11.
658 2421 896 2488 silentia,
953 2422 1051 2478 der
1089 2423 1240 2480 Plur.
1279 2430 1436 2478 sonst
1473 2421 1628 2477 nicht

1805 2425 1857 2478 2.
1908 2420 2120 2489 Saliari
2162 2422 2420 2488 carmine,
2480 2421 2582 2478 das
2640 2438 2753 2477 von
2800 2421 2881 2475 den

459 2510 522 2565 in
548 2511 736 2566 Prosa.
765 2541 828 2551 -—
855 2511 1186 2580 compositus
1205 2511 1284 2579 in,
1310 2512 1411 2567 wie
1437 2511 1537 2580 111,
1558 2514 1628 2566 44
1736 2509 1949 2566 Saliern
1986 2511 2073 2567 bei
2111 2512 2287 2567 ihrem
2313 2510 2564 2579 Umzuge
2588 2525 2870 2580 gesungene

460 2599 527 2652 in
561 2601 920 2667 securitatem,
960 2600 1014 2658 h.
1052 2601 1097 2670 1,
1133 2603 1204 2654 54
1239 2600 1350 2656 und
1384 2600 1458 2671 11,
1496 2602 1531 2656 9
1564 2599 1629 2654 in

456 2687 808 2747 maestitiam.

538 2777 621 2829 12.
658 2791 829 2843 neque
855 2797 920 2821 =
948 2792 1015 2831 ne
1040 2775 1274 2844 quidem,
1311 2776 1412 2831 wie
1435 2776 1537 2843 ΙΙΙ,
1556 2778 1626 2831 29

460 2861 561 2916 aed
610 2878 784 2931 neque
842 2868 956 2918 tum
1005 2862 1177 2931 fuisse
1234 2863 1597 2920 dubitaverim
1604 2882 1625 2932 ;

462 2952 572 3018 vgl.
598 2952 781 3006 Germ.
807 2955 840 3007 6
876 2951 971 3006 sed
1004 2967 1103 3007 nec
1125 2952 1347 3007 variare
1378 2967 1549 3022 gyros
1574 2993 1587 3007 .
1610 2993 1623 3007 .

461 3040 761 3108 docentur,-
814 3041 942 3100 hist.
980 3040 1076 3106 IV,
1126 3044 1197 3096 80
1249 3046 1313 3095 ut
1359 3056 1477 3095 non
1515 3056 1625 3110 pro

456 3144 556 3197 spe
590 3143 697 3183 sua
730 3128 1023 3198 excipitur,
1073 3129 1158 3184 ita
1193 3146 1363 3199 neque
1397 3129 1625 3183 adverso

455 3215 810 3285 imperatoris
847 3216 1051 3276 animo·

538 3306 620 3359 15.
655 3303 843 3359 statim
881 3333 943 3345 -
984 3304 1173 3359 statim
1210 3305 1254 3374 1,
1289 3309 1377 3361 28.

538 3394 618 3447 16.
655 3392 845 3447 leviter
867 3416 938 3438 =-
957 3409 991 3449 a
1026 3393 1237 3448 levibus
1274 3393 1622 3449 auctoribus:

459 3480 858 3551 ‚unverburgt‘,
916 3481 1076 3548 ,ohne
1112 3480 1381 3538 Gewahr‘.
1430 3511 1496 3521 —
1534 3496 1625 3536 cu·

461 3567 673 3622 mulata
696 3590 761 3614 =
784 3573 974 3630 aucta;
1011 3568 1139 3625 dial.
1159 3570 1230 3624 28
1264 3569 1408 3624 vitia
1441 3583 1625 3624 cumu-

454 3656 689 3711 Ζαήὑιιν.1

536 3748 619 3800 17.
655 3742 957 3798 moliuntur
993 3744 1038 3813 1,
1074 3747 1161 3801 39.

539 3835 620 3891 19.
658 3837 891 3901 tempore
908 3846 974 3886 ac
990 3831 1173 3900 spatio
1194 3831 1274 3888 oft
1287 3833 1624 3904 verbunden,

458 3920 767 3976 besonders
817 3935 909 3974 um
956 3920 1078 3975 eine
1128 3919 1354 3988 langere
1389 3921 1518 3978 Zeit
1552 3938 1624 3977 zu

457 4009 816 4066 bezeichnen.

533 4149 628 4221 83,
669 4154 717 4206 1.
777 4149 1083 4218 ingenium.-
1129 4147 1621 4219 Erfindungsgabe,

460 4239 567 4294 wie
602 4238 724 4308 XII,
762 4239 849 4295 66.
904 4236 1050 4306 XIV,
1087 4241 1148 4302 33
1204 4238 1331 4293 hist.
1370 4238 1413 4306 I,
1452 4240 1522 4293 57
1558 4244 1622 4294 ut

456 4326 688 4395 quisque
725 4368 741 4384 .
761 4366 775 4381 .
811 4324 1032 4394 ingenio
1068 4325 1301 4382 validus,

1734 2598 1872 2655 Lied
1931 2598 2167 2654 bestand
2227 2614 2328 2654 aus
2378 2598 2599 2653 Versen
2671 2598 2771 2653 anf
2809 2596 2860 2650 die

1733 2687 2016 2742 einzelnen
2054 2687 2254 2742 Gotter
2304 2685 2420 2740 und
2464 2685 2572 2741 auf
2615 2686 2863 2742 bernhnoe

1732 2776 1982 2834 Manner.

1803 2867 1853 2922 3.
1889 2861 2229 2932 Auyustales
2262 2860 2307 2928 I,
2332 2862 2419 2915 54.
2447 2889 2511 2900 —
2543 2860 2668 2916 loci
2706 2863 2846 2918 Elm-

1732 2951 1919 3022 platze
1942 2952 2032 3006 bei
2053 2949 2495 3006 Festlichkeiten
2523 2951 2652 3005 und
2678 2949 2847 3022 Spina

1801 3060 1853 3112 4.
1891 3072 2150 3126 querceae
2166 3072 2400 3112 coronae
2422 3058 2666 3113 wurden
2693 3059 2756 3114 ob
2775 3056 2861 3112 eicis

1729 3151 1973 3201 servatos
1995 3146 2293 3215 verliehen‚
2317 3146 2538 3201 hiessen
2568 3147 2747 3204 daher
2766 3145 2868 3202 auch

1729 3235 1949 3291 civicae.
2007 3264 2071 3276 —·
2121 3234 2283 3290 ludos
2318 3273 2332 3288 .
2352 3275 2366 3289 .
2393 3236 2700 3302 praeiret.-
2746 3235 2872 3291 sollte

1732 3323 1789 3377 in
1828 3323 1948 3379 dem
1980 3323 2233 3393 Aufzuge
2268 3339 2366 3378 vor
2403 3322 2513 3378 den
2541 3323 2772 3393 Spielen
2800 3324 2873 3379 mit

1730 3412 2188 3481 umhergetragen
2224 3411 2461 3468 werden.
2516 3411 2645 3468 Der
2668 3417 2794 3470 Acc.
2811 3411 2874 3467 bei

1723 3499 1946 3568 praeire
1980 3501 2037 3555 in
2074 3500 2174 3556 der
2194 3499 2519 3568 Bedeutung
2555 3502 2872 3571 vorangehen

1731 3604 1838 3644 nur
1870 3589 2014 3644 noch
2049 3589 2145 3655 VI,
2169 3592 2237 3643 21
2264 3605 2316 3642 ιι.
2341 3587 2463 3656 XV,
2489 3591 2543 3645 4.
2573 3619 2645 3629 ·—
2669 3592 2874 3645 ebur-m

1732 3675 2105 3732 dichterische
2124 3674 2464 3731 Nebenform
2501 3692 2618 3732 von
2642 3678 2873 3734 chum

1730 3764 1874 3823 auch
1908 3765 2005 3835 IV,
2040 3768 2128 3824 26.

1800 3871 1851 3924 5.
1883 3870 2085 3937 flamen
2121 3870 2219 3925 des
2246 3872 2558 3940 Augustus,
2587 3872 2649 3927 in
2674 3874 2871 3929 welcher

1730 3956 1983 4027 Stellung
2004 3958 2119 4013 ihm
2145 3958 2264 4014 sein
2288 3958 2747 4028 Adoptivbruder
2770 3964 2870 4017 Dru·

1730 4061 1827 4101 sus
1864 4045 2058 4114 folgte.

1799 4155 1850 4207 7.
1883 4150 2180 4221 inscriptio
2217 4167 2402 4206 rerum
2435 4158 2723 4221 ore-starum
2757 4172 2815 4211 ac
2836 4196 2866 4213 ..

1726 4238 1901 4294 obisse
1934 4240 2044 4308 vgl.
2065 4240 2110 4308 I,
2135 4242 2203 4295 69
2241 4239 2609 4297 circumventi
2635 4245 2865 4300 exercitu-s

1724 4327 1879 4397 fama
1914 4333 1965 4384 et
2002 4370 2016 4384 .
2035 4367 2051 4385 .
2091 4326 2308 4384 Gallias
2340 4331 2473 4398 peti.
