2992 4825
1122 242 1286 301 Liber
1319 243 1361 302 1.
1417 245 1551 316 Cap.
1590 248 1673 305 17.
2519 231 2599 292 25

170 389 406 474 lingua
451 396 516 457 et
544 390 809 457 miscere
852 394 1068 456 coetus
1113 389 1472 455 histrionali
1516 388 1729 455 studio
1762 389 2003 456 doctus.
2093 387 2149 452 is
2194 387 2499 470 inperitos

170 498 430 563 animos
475 502 540 563 et
570 514 880 580 quaenam
924 499 1070 577 post
1098 496 1451 578 Augustum
1499 495 1764 561 militiae
1796 494 2077 561 condicio
2110 494 2499 576 ambigentes

167 601 489 684 inpellere
543 601 844 683 paulatim
905 600 1229 665 nocturnis
1287 600 1631 682 conloquiis
1688 603 1799 664 aut
1846 595 2004 665 flexo
2064 599 2127 663 in
2172 616 2501 681 vesperam

173 706 293 772 die
340 711 406 772 et
450 704 709 788 dilapsis
755 703 1120 770 melioribus
1167 704 1582 771 deterrimum
1627 721 1938 786 quemque
1984 721 2389 786 congregare.

375 818 469 878 17.
539 811 867 877 Postremo
925 812 1230 893 promptis
1299 811 1424 876 iam
1485 815 1551 876 et
1611 810 1751 875 aliis
1813 809 2139 875 seditionis
2198 810 2503 876 ministris

175 917 368 984 velut
427 915 967 983 contionabundus
1026 916 1481 999 interrogabat,
1554 935 1668 982 cur
1735 917 1951 1000 paucis
2011 916 2501 997 centurionibus,

174 1023 593 1107 paucioribus
652 1022 921 1088 tribunis
965 1022 1031 1087 in
1093 1023 1344 1088 modum
1390 1040 1716 1089 servorum
1776 1021 2161 1089 oboedirent.
2253 1023 2505 1105 quando

176 1147 460 1196 ausuros
491 1146 832 1213 exposcere
863 1127 1161 1215 remedia,
1206 1129 1328 1194 nisi
1358 1148 1587 1194 novum
1636 1133 1702 1194 et
1734 1131 2062 1193 nutantem
2098 1127 2303 1194 adhuc
2333 1130 2506 1210 prin·

176 1237 399 1318 cipem
445 1234 740 1317 precibus
785 1232 887 1298 vel
935 1232 1126 1299 armis
1170 1233 1461 1299 adirent?
1508 1234 1661 1299 satis
1706 1252 1822 1315 per
1865 1238 1963 1299 tot
2010 1251 2209 1300 annos
2256 1234 2507 1314 ignavia
2542 1254 2576 1305 5

175 1346 553 1425 peccatum,
621 1340 789 1423 quod
850 1339 1094 1405 tricena
1153 1344 1267 1405 aut
1335 1340 1742 1422 quadragena
1805 1339 2120 1421 stipendia
2188 1357 2374 1404 senes
2442 1343 2508 1404 et

178 1447 481 1530 plerique
526 1451 825 1512 truncato
875 1464 952 1511 ex
994 1445 1361 1512 vulneribus
1419 1463 1684 1529 corpore
1729 1444 2020 1511 tolerent.
2111 1462 2193 1510 ne
2236 1445 2507 1510 dimissis

179 1554 449 1636 quidem
494 1550 686 1619 finem
745 1570 885 1618 esse
930 1550 1209 1633 militiae,
1270 1551 1384 1617 sed
1439 1552 1611 1633 apud
1654 1550 1950 1616 vexillum
2006 1550 2339 1616 tendentes
2382 1550 2507 1618 alio

177 1658 504 1725 vocabulo
564 1657 819 1724 eosdem
880 1656 1134 1724 labores
1192 1656 1492 1739 perferre.
1586 1637 1662 1722 ac
1707 1656 1762 1721 si
1806 1656 1946 1739 quis
1993 1661 2091 1721 tot
2156 1674 2337 1723 casus
2383 1658 2511 1723 vita

179 1764 641 1847 superaverit„
675 1763 844 1829 trahi
904 1762 1112 1829 adhuc
1172 1763 1455 1828 diversas
1509 1762 1572 1827 in
1636 1766 1859 1842 terras
1932 1761 2041 1827 ubi
2103 1780 2214 1844 per
2280 1781 2510 1829 nomen
2549 1782 2616 1833 10

182 1888 496 1954 agrorum
526 1869 794 1952 uligines
823 1869 1127 1951 paludum
1156 1869 1258 1935 vel
1287 1868 1530 1942 inculta
1573 1869 1877 1933 montium
1909 1869 2241 1951 accipiant.
2312 1870 2511 1935 enim·
2587 1867 2590 1872 ’

186 1995 346 2044 vero
371 1976 657 2042 militiam
688 1976 891 2057 ipsam
915 1994 1192 2057 gravem,
1226 1974 1714 2041 infructuosam:
1763 1974 1939 2040 denis
1973 1975 2039 2039 in
2065 1974 2230 2039 diem
2262 1975 2510 2040 assibus

192 2205 287 2261 fiir
333 2204 720 2273 Schauspieler
765 2202 1108 2273 (histrionali
1147 2203 1353 2273 studio)

188 2295 354 2349 hatte
389 2293 542 2348 Perc.
591 2292 822 2361 gelernt,
873 2292 1184 2361 uberhaupt
1220 2292 1351 2347 Ver·

186 2380 574 2450 sammlungen
671 2379 1048 2436 aufzuwuhlen
1151 2380 1355 2450 (coetus

187 2469 457 2539 miscere).

276 2561 366 2613 14.
413 2556 643 2626 dilapsis
692 2557 895 2611 ebenso
932 2555 1004 2621 II,
1044 2559 1104 2620 73
1152 2555 1219 2622 V,
1260 2558 1351 2619 103

190 2647 327 2715 XII,
363 2649 457 2710 273
494 2662 621 2701 man
654 2645 804 2701 kann
840 2649 1114 2713 erganzen
1148 2644 1211 2697 in
1245 2649 1356 2698 ten-

192 2737 346 2791 toria
380 2734 521 2790 nach
555 2733 687 2788 hist.
718 2733 817 2801 111,
857 2736 938 2786 10.

267 2825 365 2895 1¹2,
405 2829 451 2878 1.
479 2822 751 2895 promptis
788 2821 1056 2876 Pradikat
1092 2837 1161 2874 zu
1197 2819 1355 2873 mini·

192 2914 348 2969 stris.
385 2941 454 2951 —
499 2915 550 2965 et
586 2910 794 2980 (etiam)
846 2908 975 2963 aliis
1018 2908 1203 2963 ausser
1253 2908 1357 2963 den

193 3000 522 3066 deterrimis,
573 2998 776 3055 welche
823 2997 908 3053 als
963 2997 1052 3053 die
1088 2998 1357 3052 nachsten

193 3089 555 3158 Handlanger
594 3087 688 3143 des
715 3085 990 3141 Aufruhrs
1016 3085 1355 3141 erschienen.

263 3185 320 3235 2.
350 3177 552 3247 paucis
578 3175 992 3230 centurionibus
1030 3178 1099 3229 60
1121 3176 1179 3229 in
1204 3174 1358 3229 einer

188 3268 409 3337 Legion
445 3283 515 3320 zu
546 3268 616 3320 60
640 3264 965 3326 Centurien3
1003 3262 1216 3316 tribuni
1251 3264 1357 3332 gab

188 3374 253 3414 es
295 3357 358 3410 in
393 3356 545 3410 einer
567 3353 777 3422 Legion
815 3354 865 3418 6,
903 3351 1058 3406 einer
1086 3350 1359 3420 Jedesmal

187 3462 267 3501 an
311 3433 413 3498 der'
445 3442 631 3512 Spitze
666 3457 772 3496 von
811 3444 877 3494 10
914 3439 1230 3495 Centurien.

264 3536 325 3588 4.
361 3546 609 3597 ausuros,
650 3530 747 3585 das
777 3529 926 3584 Part.
950 3528 1076 3583 Fut.
1096 3528 1227 3587 Akt.
1264 3528 1362 3582 mit

187 3624 380 3679 einem
434 3619 940 3688 Bedingungssatze
1013 3616 1185 3670 findet
1244 3615 1362 3670 sich

188 3717 320 3768 erst
354 3709 460 3764 seit
488 3708 678 3762 Livius
714 3706 913 3776 (XXII,
945 3709 1008 3760 12
1046 3704 1197 3760 nullo
1221 3703 1362 3772 loco,

188 3799 309 3856 nisi
344 3802 606 3866 quantum
628 3796 935 3851 necessitas
973 3799 1214 3862 cogeret,
1250 3791 1360 3847 for-

188 3896 370 3945 tunae
404 3901 465 3941 se
501 3884 935 3949 commissurus).
1000 3884 1078 3938 Es
1115 3881 1361 3937 bezeich-

190 3985 294 4034 net
343 3975 461 4030 hier
511 3972 598 4028 die
635 3970 1003 4028 Bereitschaft
1053 3970 1186 4026 oder
1222 3969 1357 4024 Ent-

193 4061 615 4122 schlossenheit.

273 4155 325 4208 6.
394 4151 608 4207 tricena
663 4153 764 4202 aut
823 4145 1174 4216 quadragena
1184 4186 1200 4213 ,
1275 4145 1360 4200 die

196 4237 696 4310 Legionssoldaten
761 4235 953 4291 hatten
1011 4235 1152 4290 nach
1213 4235 1362 4289 einer

200 4331 581 4396 Bestimmung
616 4326 713 4384 des
750 4330 1038 4395 Augustus
1085 4329 1157 4381 20
1191 4325 1364 4381 Jahre

1459 2220 1529 2257 zu
1567 2202 1783 2273 dienen,
1837 2202 2058 2259 wurden
2105 2202 2239 2258 aber
2284 2202 2426 2258 auch
2474 2203 2618 2259 nach

1463 2292 1643 2348 dieser
1701 2292 1821 2347 Zeit
1878 2290 2063 2361 haufig
2122 2291 2615 2359 zuruckgehalten3

1459 2379 1565 2449 vgl.
1603 2379 1672 2435 Κ.
1710 2381 1796 2436 35.

1533 2471 1582 2526 7.
1631 2469 1859 2523 tolerent
1905 2469 2019 2523 und
2069 2473 2131 2524 11
2183 2468 2464 2536 accipiant
2518 2468 2617 2523 das

1459 2556 1699 2625 Tempus
1740 2557 1837 2612 der
1874 2557 1975 2615 dir.
2015 2556 2182 2614 Rede.

1535 2648 1584 2699 8.
1622 2643 1895 2699 tendentes
1918 2661 1994 2701 sc.
2014 2645 2278 2700 tentoria:
2317 2645 2475 2700 Zelte
2499 2644 2618 2700 auf-

1464 2733 1744 2803 schlagen,
1794 2735 2070 2802 lagern3
2126 2733 2275 2802 XIII,
2323 2735 2423 2798 36;
2491 2734 2618 2788 hist.
2713 2780 2716 2784 Α

1464 2821 1509 2889 1,
1548 2824 1637 2880 31.
1683 2824 1768 2877 55.
1813 2824 1883 2877 59
1919 2838 1973 2877 ιι.
2009 2827 2058 2877 ὅ.
2097 2852 2162 2862 -
2211 2822 2323 2876 alio
2356 2822 2620 2877 vocabulo

1462 2909 1705 2964 namlich
1730 2909 2011 2964 vexillarii
2031 2911 2167 2966 oder
2189 2911 2393 2967 vexilla
2415 2919 2620 2968 vetera·

1461 3012 1676 3065 norum,
1733 2997 2033 3053 besondere
2085 2998 2450 3068 Abteilungen
2496 3017 2621 3056 aus-

1463 3087 1750 3156 gedienter
1765 3087 2047 3144 Soldaten.
2085 3089 2208 3143 Von
2229 3088 2416 3145 diesen
2434 3096 2621 3145 unter-

1465 3176 1728 3232 scheiden
1773 3177 1890 3231 sich
1941 3176 2027 3231 die
2064 3193 2164 3231 aus
2203 3176 2309 3230 den
2345 3177 2623 3244 Legionen

1462 3281 1532 3318 zu
1592 3264 1936 3319 bestimmten
1996 3265 2267 3320 Zwecken
2334 3265 2623 3334 zeitweilig

1466 3352 1841 3408 detachierten
1864 3352 2037 3421 Corps
2076 3353 2231 3421 (Agr.
2262 3355 2328 3407 18
2349 3353 2624 3424 leyionum

1465 3440 1707 3508 vexilla).

1543 3532 1624 3583 10.
1684 3528 1867 3584 adhuc
1902 3553 1965 3576 =
2002 3530 2242 3600 insuper,
2314 3537 2623 3600 praeterea,

1467 3619 1567 3672 wie
1593 3617 1769 3673 Germ.
1798 3622 1862 3673 10
1900 3618 2273 3686 auspiciorum
2295 3618 2474 3673 adhuc
2488 3618 2624 3685 fides

1467 3705 1727 3775 exiqitur.
1755 3738 1819 3746 —
1842 3705 2118 3761 diversas:
2156 3707 2355 3763 entle
2367 3723 2509 3776 gen.
2561 3709 2623 3762 In

1471 3794 1760 3850 derselben
1798 3794 2159 3864 Verbindung
2194 3794 2290 3861 IV,
2327 3798 2413 3851 46.

1542 3887 1626 3937 11.
1671 3882 1942 3950 paludum
1996 3883 2106 3938 und
2156 3883 2419 3937 montium
2471 3883 2626 3939 nicht

1462 3971 1742 4040 partitive,
1780 3971 2017 4026 sondern
2055 3971 2455 4040 appositionale
2491 3972 2625 4027 oder

1464 4060 1885 4129 epexegetische
1923 4059 2200 4118 Genetiva.
2235 4089 2305 4099 —
2350 4060 2627 4129 accipiant

1469 4147 1566 4202 der
1605 4148 1814 4216 Plural,
1871 4148 1940 4203 da
1975 4148 2026 4202 si
2062 4148 2184 4216 quis
2217 4150 2378 4203 einen
2413 4149 2623 4204 kollek-

1466 4236 1616 4291 tiven
1653 4234 1783 4290 Sinn
1819 4236 1934 4290 hat.

1546 4328 1625 4380 12.
1662 4323 1820 4378 denis
1856 4323 2070 4378 assibus
2105 4332 2247 4379 etwa
2283 4325 2353 4378 50
2387 4322 2471 4379 Pf.
