2992 4825
434 255 518 318 78
1360 270 1525 325 Liber
1560 271 1605 326 1.
1661 269 1795 339 Cap.
1833 272 1920 326 73.

537 415 784 477 veteres
829 411 1016 490 idem,
1065 412 1177 476 sed
1223 412 1346 477 alia
1389 412 1454 477 in
1499 412 1800 478 iudicium
1833 413 2194 492 veniebant,
2241 414 2295 478 si
2325 416 2464 497 quis
2496 410 2891 495 proditione

537 517 879 582 exercitum
930 522 1043 581 aut
1088 516 1332 598 plebem
1378 517 1812 598 seditionibuS,
1863 518 2133 601 denique
2177 519 2344 586 male
2391 525 2577 600 gesta
2626 535 2713 582 re
2767 534 2893 597 pu-

435 644 502 694 10
537 623 704 689 blica
746 622 1144 688 maiestatem
1189 622 1406 706 populi
1452 623 1722 689 Romani
1767 623 2125 691 minuisset:
2185 623 2355 690 facta
2401 625 2891 707 arguebantur,

541 727 712 793 dicta
756 728 991 810 inpune
1035 733 1236 794 erant.
1331 728 1574 810 primus
1620 730 1944 812 Augustus
1993 731 2416 814 cognitionem
2475 730 2554 794 de
2603 727 2895 794 famosis

541 832 770 899 libellis
816 833 1025 916 specie
1068 833 1227 915 legis
1273 835 1408 899 eius
1454 836 1772 915 tractavit,
1820 842 2166 901 commotus
2215 835 2417 902 Cassii
2457 834 2694 902 Severi
2746 830 2894 920 libi·

542 938 706 1017 dine,
767 956 893 1021 qua
936 939 1104 1004 viros
1149 937 1564 1022 feminasque
1587 940 1891 1006 inlustres
1953 942 2328 1023 procacibus
2375 941 2634 1023 scriptis
2694 936 2889 1004 diffa-

543 1050 859 1123 maverat3
921 1063 1064 1112 mox
1107 1044 1415 1125 Tiberius,
1477 1046 1877 1112 consultante
1922 1046 2221 1129 Pompeio
2268 1046 2486 1113 Macro
2542 1050 2878 1130 praetore,
2912 1031 2913 1042 ’

437 1172 503 1224 15
541 1169 623 1215 an
666 1150 898 1216 iudicia
927 1150 1276 1216 maiestatis
1306 1150 1746 1233 redderentur,
1797 1152 2177 1218 exercendas
2207 1152 2380 1236 leges
2414 1170 2551 1218 esse
2602 1168 2884 1233 respon-

540 1257 651 1325 dit.
743 1255 910 1322 hunc
953 1274 1202 1338 wquoque
1251 1274 1632 1338 asperavere
1673 1258 1957 1324 carmina
2000 1258 2262 1324 incertis
2308 1258 2684 1324 auctoribus
2744 1243 2913 1319 vul-ss

539 1368 688 1444 gata
732 1363 798 1427 in
845 1362 1174 1445 saevitiam
1235 1363 1719 1445 superbiamque
1765 1363 1898 1429 eius
1944 1369 2008 1427 et
2053 1363 2406 1429 discordem
2466 1382 2611 1429 cum
2658 1366 2885 1427 matre

541 1468 835 1534 animum.
1686 1483 1697 1494 ·
2912 1437 2913 1520 l

718 1579 754 1639 7
764 1579 821 1640 3.
912 1573 1100 1638 Haud
1154 1573 1394 1656 pigebit
1449 1572 1689 1640 referre
1749 1575 1815 1639 in
1862 1574 2125 1640 Falanio
2172 1580 2238 1640 et
2281 1574 2539 1655 Rubrio,
2604 1571 2880 1639 modicis

541 1679 856 1763 equitibus
925 1678 1243 1759 Romanis
1317 1685 1787 1762 praetemptata
1856 1680 2135 1761 crimina,
2215 1685 2288 1746 ut
2355 1682 2580 1763 quibus
2648 1677 2874 1755 initiis

539 1792 781 1869 quanta
824 1784 1059 1850 Tiberii
1117 1792 1254 1850 arte
1319 1785 1763 1868 gravissimum
1822 1786 2079 1851 exitium
2141 1786 2499 1868 inrepserit,
2574 1786 2724 1851 dein
2776 1801 2873 1848 re·

541 1905 828 1974 pressum
875 1890 978 1970 sit,
1040 1897 1359 1973 postremo
1406 1892 1636 1956 arserit
1680 1898 2033 1973 cunctaque
2081 1892 2482 1973 corripuerit,
2538 1895 2870 1957 noscatur.

472 2017 504 2068 5
542 1996 805 2062 Falanio
860 1995 1175 2061 obiciebat
1221 2002 1574 2076 accusator,
1638 1996 1806 2078 quod
1852 1996 2019 2061 inter
2076 1996 2352 2062 cultores
2400 1997 2697 2078 Augusti,
2762 1993 2865 2077 qui

512 2281 593 2334 10.
639 2275 923 2331 minuisset
970 2277 1122 2346 pafst
1168 2277 1439 2332 zunachst
1493 2291 1596 2331 nur
1775 2276 1957 2344 Asper
1980 2281 2032 2331 et
2053 2275 2279 2342 inmitis,
2316 2276 2547 2331 breviter
2568 2276 2658 2330 vis
2683 2275 2854 2329 omnia

438 2386 506 2424 zu
542 2367 892 2434 maiestatem,
932 2366 1067 2423 lasst
1091 2368 1211 2424 sich
1239 2380 1593 2435 angemessen
2439 2364 2638 2431 dicam,

437 2456 815 2525 wiedergeben
913 2457 1082 2513 durch
1193 2455 1593 2524 schadigen.
1840 2451 2180 2521 Dispeream,
2236 2452 2290 2507 si
2341 2458 2395 2507 te
2447 2458 2624 2507 mater
2678 2467 2855 2506 amare
2914 2442 2915 2519 Ῐ

436 2545 787 2599 Maiestatem
821 2545 1066 2598 minuere
1103 2550 1182 2600 est
1220 2543 1283 2598 de
1319 2542 1593 2612 diqnitate
2432 2546 2632 2609 potest.

436 2638 537 2686 aut
573 2632 935 2701 amplitudine
968 2637 1067 2686 aut
1094 2636 1367 2700 potestate
1392 2629 1598 2699 populi
1776 2650 1858 2703 17.
1897 2646 2108 2702 discors
2156 2648 2254 2701 mit
2297 2662 2417 2701 cum
2466 2647 2611 2702 auch
2649 2647 2736 2702 bei
2771 2645 2848 2701 Li·

436 2725 537 2774 aut
561 2735 763 2787 ewam,
802 2720 996 2789 ΨΜ
1009 2719 1253 2788 POPuWS
1271 2723 1595 2788 P⁰t⁰⁸²at⁶²¹⁸
1702 2736 1851 2800 vius3
1890 2742 2046 2791 sonst
2069 2736 2168 2790 mit
2189 2736 2335 2789 inter
2371 2735 2504 2791 oder
2531 2735 2656 2791 dem
2683 2736 2843 2789 Dativ.

441 2808 604 2874 dedit,
645 2808 861 2878 aliquid
896 2807 1172 2876 deroyare.
1233 2807 1347 2865 Cic.
1385 2806 1453 2862 de
1488 2807 1597 2862 inv.
2540 2851 2544 2855 .

443 2897 515 2966 ΙΙ,
555 2899 639 2951 17.
1779 2893 1870 2966 73,
1912 2899 1957 2949 1.
1993 2893 2221 2948 modicis
2255 2894 2534 2950 entweder
2571 2910 2681 2950 von
2717 2893 2834 2949 nicht

1707 2981 1883 3038 hoher
1917 2981 2197 3041 Herkunft
2243 2982 2377 3038 oder
2422 2998 2527 3038 von
2581 2983 2841 3050 marsigem

519 3006 599 3059 11.
634 3001 871 3067 imp-wne,
893 3000 990 3056 das
1010 3000 1296 3055 Adverbin
1311 3000 1408 3055 der
1427 3000 1600 3068 Regel

442 3089 595 3145 nicht
651 3089 744 3144 bei
802 3103 915 3143 esse
972 3088 1057 3143 als
1120 3087 1329 3144 blosser
1378 3088 1602 3156 Kopula

444 3176 691 3242 (Schultz
726 3179 834 3232 240
870 3180 939 3235 Α.
979 3178 1053 3246 4),
1095 3174 1266 3231 findet
1303 3176 1421 3231 sich
1459 3177 1601 3232 noch

444 3266 518 3331 ΙΙ,
554 3269 641 3320 52.
675 3265 773 3333 111,
810 3266 896 3320 28.
935 3264 1060 3330 XII,
1096 3266 1181 3319 54.
1220 3264 1401 3319 Germ.
1442 3267 1530 3319 25.

517 3391 600 3444 12.
650 3387 870 3443 Cassius
930 3386 1161 3443 Severus
1227 3388 1316 3443 ein
1378 3387 1602 3441 Redner

442 3475 554 3531 voll
662 3475 1209 3531 leidenschaftlicher
1304 3475 1602 3530 Bitterkeit

445 3565 633 3620 wurde
688 3572 875 3619 zuerst
946 3564 1087 3618 nach
1146 3562 1341 3633 Kreta,
1413 3568 1602 3631 spater

443 3653 583 3708 nach
621 3651 887 3721 Seriphus
926 3652 1225 3715 verbannt;
1263 3650 1372 3720 vgl.
1398 3651 1494 3719 IV,
1513 3655 1600 3706 21.

518 3782 600 3833 13.
636 3777 861 3846 seriptis
904 3776 1288 3846 diffamaverat
1335 3774 1443 3843 vgl.
1481 3773 1601 3841 XV,

443 3868 513 3921 49
529 3866 801 3934 probroso
822 3865 1067 3920 carmine
1097 3863 1430 3931 diffamatus.
1487 3862 1600 3918 Das

444 3953 684 4015 Verbum
719 3952 890 4009 findet
925 3952 1044 4009 sich
1080 3958 1199 4008 erst
1234 3950 1323 4007 bei
1360 3949 1518 4005 Ovid.

518 4078 602 4135 16.
660 4077 911 4132 carmina
979 4075 1330 4144 Epigramme
1346 4114 1360 4140 ‚
1433 4073 1602 4133 deren

445 4164 626 4233 einige
652 4165 770 4221 sich
805 4166 893 4221 bei
920 4164 1123 4220 Sueton
1146 4162 1269 4218 Tib.
1295 4164 1363 4217 59
1401 4160 1600 4217 finden.

444 4252 556 4305 Zur
589 4250 904 4320 Erklarung
949 4265 1178 4306 unserer
1224 4249 1397 4305 Stelle
1448 4249 1602 4305 dient

445 4338 745 4412 besonders
778 4338 1091 4409 folgendes:

1707 3070 2043 3138 Vermogem
2085 3070 2191 3140 vgl.
2229 3071 2300 3139 11,
2335 3073 2405 3125 84
2439 3069 2669 3125 modieis
2693 3085 2847 3139 pena·

1706 3158 1853 3212 tibus
1864 3177 1886 3226 ,·
1911 3158 2009 3227 XI,
2029 3162 2062 3214 7
2079 3158 2318 3213 modicos
2333 3163 2614 3214 senatores
2624 3178 2645 3226 ,-
2682 3159 2774 3227 VI,
2792 3158 2849 3213 39

1777 3356 1829 3406 2.
1858 3355 2265 3419 praetemptare
2300 3351 2357 3406 in
2383 3348 2742 3420 Verbindung
2766 3348 2852 3404 mit

1708 3438 1912 3495 crimen
1928 3455 2032 3494 nur
2049 3439 2195 3505 hier;
2215 3439 2288 3493 im
2309 3439 2680 3508 eigentlichen
2700 3440 2851 3494 Sinne

1708 3526 1842 3595 Agr.
1890 3529 1963 3581 20
2016 3526 2207 3582 silvas
2233 3530 2664 3596 praetemptare.
2735 3528 2851 3583 Tac.

1707 3614 1843 3682 geht
1895 3629 1996 3668 zur
2054 3630 2332 3683 gensuern
2389 3614 2710 3684 Darlegung
2769 3616 2851 3670 der

1708 3700 1881 3756 Sache
1907 3702 2115 3757 zuriick
2138 3701 2237 3756 auf
2257 3701 2362 3758 den
2380 3703 2850 3772 vorhergeschick·

1708 3798 1803 3846 ten
1840 3797 2029 3846 ersten
2064 3790 2331 3860 Versuch‚
2378 3792 2499 3847 eine
2536 3790 2849 3847 Auschuldi·

1707 3894 1852 3947 gung
1886 3893 2072 3947 wegen
2110 3878 2760 3948 Majestatsbeleidigung
2791 3893 2847 3932 zu

1707 3967 1963 4023 erheben.

1780 4075 1829 4128 3.
1876 4070 2005 4126 dein
2054 4076 2214 4126 unter
2252 4068 2512 4125 Claudius
2560 4071 2673 4126 und
2716 4070 2845 4125 Nero

1709 4162 1794 4216 bis
1829 4176 1954 4214 zum
1989 4159 2043 4216 J.
2078 4162 2167 4218 62.
2240 4158 2376 4214 Also
2413 4159 2614 4228 gehort
2661 4172 2845 4227 repres-

1708 4264 1829 4303 sum
1851 4247 1927 4302 sit
1962 4246 2119 4303 nicht
2142 4247 2298 4302 mehr
2333 4263 2402 4301 zu
2428 4251 2641 4315 quanta
2668 4242 2846 4300 Tiberii

1690 4339 1850 4402 arte,
1889 4335 2129 4391 sondern
2168 4350 2294 4390 man
2332 4341 2570 4404 erganze
2606 4339 2683 4388 ut.
