2992 4825
950 221 1131 277 Taciti
1169 220 1432 291 Agricola
1470 238 1518 278 ο.
1558 224 1788 279 20-23.
2467 212 2545 274 17

182 363 443 431 ratione
499 382 794 446 curaque,
856 367 924 430 ut
981 364 1160 430 nulla
1216 370 1365 431 ante
1420 364 1789 430 Britanniae
1846 383 2011 431 nova
2070 383 2222 448 pars
2280 368 2551 448 pariter

174 468 543 535 illacessita
586 469 933 535 transierit.

380 599 484 659 21.
535 592 818 674 Sequens
864 590 1062 657 hiems
1108 592 1544 659 saluberrimis
1592 594 1864 659 consiliis
1908 594 2269 676 absumpta.
2344 594 2539 661 Nam·

184 717 325 781 que
373 704 447 763 ut
490 697 779 764 homines
824 698 1095 780 dispersi
1141 717 1214 763 ac
1261 698 1452 764 rudes
1497 717 1698 781 eoque
1743 700 1807 763 in
1855 699 2022 765 bella
2067 699 2283 766 faciles
2345 692 2547 783 quieti

189 809 262 870 et
313 806 447 869 otio
493 822 612 888 per
656 803 1013 885 voluptates
1062 804 1530 882 adsuescerent,
1591 803 1833 869 hortari
1881 805 2193 886 privatim,
2239 805 2547 872 adiuvare

187 909 476 991 publice,
527 913 598 974 ut
640 909 878 991 templa
923 908 1065 974 fora
1110 908 1331 974 domos
1377 914 1798 989 exstruerent,
1850 909 2168 976 laudando
2214 917 2545 993 promptos

192 1021 265 1080 et
333 1014 705 1097 castigando
764 1032 1022 1097 segnes:
1089 1015 1182 1079 ita
1249 1014 1506 1080 honoris
1574 1014 1916 1080 aemulatio
1986 1034 2101 1097 pro
2165 1018 2547 1083 necessitate
2617 1029 2651 1080 5

195 1128 369 1186 erat.
461 1120 597 1185 Iam
643 1138 791 1185 vero
838 1120 1194 1202 principum
1241 1118 1399 1185 filios
1446 1119 1811 1186 liberalibus
1861 1120 2106 1185 artibus
2154 1123 2423 1202 erudire,
2484 1127 2548 1189 et

194 1225 464 1309 ingenia
508 1225 957 1290 Britannorum
1012 1225 1239 1290 studiis
1287 1224 1620 1290 Gallorum
1677 1225 2015 1309 anteferre,
2091 1235 2162 1292 ut
2210 1229 2317 1308 qui
2363 1228 2547 1294 modo

196 1332 495 1414 linguam
525 1330 875 1397 Romanam
908 1330 1277 1397 abnuebant
1308 1330 1733 1413 eloquentiam
1765 1332 2299 1414 concupiscerent.
2391 1334 2548 1399 Inde

200 1438 409 1505 etiam
484 1435 741 1502 habitus
807 1437 1007 1501 nostri
1073 1436 1276 1502 honor
1342 1441 1409 1500 et
1476 1434 1771 1517 frequens
1846 1442 2030 1520 toga:
2118 1438 2548 1520 paulatimque

202 1544 563 1610 discessum
613 1541 698 1607 ad
745 1540 1169 1608 delenimenta
1214 1541 1528 1621 vitiorum,
1576 1544 1861 1624 porticus
1907 1550 1974 1609 et
2017 1542 2272 1610 balinea
2304 1550 2366 1609 et
2398 1561 2547 1610 con·
2588 1552 2655 1605 10

201 1649 524 1715 viviorum
579 1646 999 1730 elegantiam:
1066 1646 1258 1728 idque
1317 1646 1488 1731 apud
1548 1647 1876 1730 imperitos
1939 1648 2303 1715 humanitas
2366 1668 2549 1716 voca-

203 1756 422 1835 batur,
473 1771 615 1820 cum
661 1771 812 1835 pars
859 1753 1186 1818 servitutis
1235 1758 1421 1818 esset.

396 1882 502 1945 22.
579 1876 834 1942 Tertius
908 1876 1373 1958 expeditionum
1444 1893 1647 1941 annus
1723 1894 1920 1942 novas
1988 1883 2210 1959 gentes
2280 1879 2545 1960 aperuit,

209 1984 486 2051 vastatis
551 2000 751 2063 usque
810 1981 892 2047 ad
947 1980 1233 2047 Tanaum
1297 1981 1642 2062 (aestuario
1698 1999 1926 2048 nomen
1983 1982 2106 2066 est)
2172 1983 2547 2051 nationibus.

212 2092 361 2171 Qua
407 2087 738 2155 formidine
768 2087 996 2152 'territi
1026 2086 1245 2153 hostes
1276 2105 1660 2170 quamquam
1691 2087 2118 2154 conflictatum
2153 2089 2361 2154 saevis
2392 2094 2549 2155 tem-

209 2195 581 2280 pestatibus
637 2193 975 2259 exercitum
1030 2192 1341 2259 lacessere
1397 2211 1523 2259 non
1583 2195 1750 2273 ausi3
1810 2193 2256 2276 ponendisque⁴
2290 2195 2551 2278 insuper

217 2300 501 2369 castellis
547 2301 821 2382 spatium
866 2296 1005 2365 fuit.
1086 2298 1503 2365 Adnotabant
1547 2299 1738 2382 periti
1783 2318 1912 2364 non
1956 2300 2148 2365 alium
2182 2300 2408 2366 ducem
2440 2320 2551 2384 op·
2621 2309 2655 2362 5

208 2408 642 2493 portunitates
702 2404 982 2472 locorum
1045 2404 1392 2488 sapientius
1459 2405 1723 2488 legisse;
1787 2405 2029 2471 nullum
2101 2405 2182 2472 ab
2257 2406 2552 2491 Agricola

213 2515 494 2598 positum
540 2511 870 2579 castellum
914 2515 1026 2576 aut
1072 2512 1133 2576 vi
1178 2510 1450 2577 hostium
1499 2515 1931 2595 expugnatum
1979 2517 2093 2576 aut
2136 2513 2428 2594 pactione
2476 2531 2552 2578 ac

213 2621 371 2702 fuga
420 2620 772 2699 desertum;
836 2634 982 2681 nam
1038 2616 1346 2683 adversus
1401 2634 1610 2683 moras
1669 2616 2013 2683 obsidionis
2078 2617 2307 2683 annuis
2353 2617 2551 2700 copiis

215 2726 652 2792 firmabantur.
745 2724 848 2787 lta
906 2723 1224 2804 intrepida
1280 2722 1367 2788 ibi
1426 2721 1661 2801 hiems;
1724 2720 1989 2789 crebrae
2051 2723 2417 2807 eruptiones
2487 2728 2553 2789 et

215 2833 342 2899 sibi
400 2832 664 2914 quisque
728 2828 1071 2911 praesidio,
1145 2827 1355 2893 inritis
1421 2827 1710 2895 hostibus
1778 2845 1977 2910 eoque
2046 2828 2551 2911 desperantibus,
2590 2836 2658 2888 10

218 2919 392 3022 quia'
423 2937 596 3003 soliti
649 2936 1018 3018 plerumque
1073 2933 1303 3000 damna
1357 2934 1622 3000 aestatis
1677 2933 1957 3000 hibernis
2017 2933 2348 3001 eventibus
2394 2952 2551 3017 pen-

220 3063 362 3111 sare
404 3048 543 3109 tum
590 3046 835 3107 aestate
881 3046 1077 3121 atque
1119 3039 1326 3105 hieme
1370 3039 1549 3103 iuxta
1594 3039 2015 3121 pellebantur.
2094 3038 2227 3106 Nec
2258 3039 2552 3123 Agricola

222 3166 521 3231 umquam
584 3166 695 3229 per
756 3145 912 3211 alios
971 3149 1152 3226 gesta
1206 3145 1427 3210 avidus
1490 3144 1862 3227 intercepit:
1934 3162 2046 3211 seu
2105 3147 2390 3212 centurio
2439 3163 2553 3211 seu

223 3254 585 3339 praefectus
640 3254 1077 3332 incorruptum
1131 3250 1286 3317 facti
1342 3255 1569 3316 testem
1624 3250 1918 3318 habebat.
2012 3251 2197 3333 Apud
2243 3250 2552 3332 quosdam

226 3361 511 3428 acerbior
557 3360 620 3424 in
667 3358 962 3424 conviciis
1008 3356 1418 3421 narrabatur:
1466 3359 1532 3422 et
1563 3361 1702 3421 erat
1732 3362 1802 3420 ut
1834 3357 2027 3422 comis
2060 3356 2265 3437 boniS,
2311 3357 2405 3421 ita
2442 3355 2553 3421 ad·
2591 3360 2658 3414 15

225 3483 445 3534 versus
493 3465 694 3529 malos
737 3462 1134 3528 iniucundus.
1211 3459 1508 3527 Ceterum
1554 3479 1630 3525 ex
1674 3462 2005 3527 iracundia
2038 3461 2192 3526 nihil
2223 3466 2555 3544 supererat

227 3577 551 3649 secretum,
593 3575 664 3634 ut
693 3569 1014 3634 silentium
1048 3568 1181 3633 eius
1214 3585 1337 3632 non
1370 3568 1653 3632 timeres:
1702 3565 2029 3633 honestius
2061 3566 2332 3650 putabat
2361 3564 2554 3632 offen-

231 3679 379 3744 dere
425 3695 615 3758 quam
662 3675 888 3740 odisse.

405 3805 509 3867 23.
558 3798 808 3877 Quarta
852 3802 1064 3863 aestas
1097 3795 1456 3861 obtinendis
1487 3813 1653 3877 quae
1683 3795 2172 3877 percucurrerat
2202 3795 2525 3876 insumpta
2536 3824 2552 3877 3

231 3925 305 3973 ac
359 3905 414 3972 si
467 3904 671 3970 virtus
727 3903 1114 3969 exercituum
1170 3906 1236 3966 et
1293 3900 1564 3965 Romani
1624 3901 1891 3965 nominis
1949 3901 2148 3983 gloria
2210 3904 2556 3983 pateretur,

231 4013 521 4078 inventus
568 4010 634 4075 in
678 4010 820 4092 ipsa
867 4008 1200 4073 Britannia
1231 4006 1557 4074 terminuS.
1615 4005 1904 4087 Namque
1937 4003 2122 4071 Clota
2153 4009 2217 4070 et
2253 4004 2557 4070 Bodotria

233 4116 463 4184 diversi
517 4116 709 4181 maris
763 4115 1046 4181 aestibus
1105 4131 1218 4195 per
1275 4112 1649 4176 immensum
1697 4116 1991 4177 revectae
2038 4113 2310 4192 angusto
2356 4114 2556 4174 terra·

235 4243 371 4290 rum
417 4225 623 4305 spatio
670 4220 1078 4299 dirimuntur;
1138 4218 1307 4300 quod
1353 4222 1487 4282 tum
1534 4217 1866 4300 praesidiis
1923 4213 2310 4294 firmabatur,
2364 4219 2557 4297 atque
2628 4220 2662 4273 5

338 4344 497 4389 'raom
524 4342 773 4396 Agricola.
827 4344 869 4387 a.
899 4340 1024 4386 Aua.
2321 4339 2347 4377 ε
