2992 4825
461 256 543 317 26
1212 270 1389 326 Taciti
1426 270 1685 339 Agricola
1721 286 1768 325 ο.
1804 270 2032 327 40-42,

352 428 385 481 5
458 415 662 477 morte
711 409 887 476 Atilii
942 409 1084 477 Rufi
1141 413 1486 478 consularis
1544 419 1609 479 et
1664 413 2007 480 maioribus
2065 419 2471 480 reservatam.
2564 413 2795 481 Credi-

460 515 610 582 dere
662 515 944 599 plerique
998 517 1294 583 libertum
1353 538 1428 584 ex
1483 519 1926 584 secretioribus
1980 520 2347 585 ministeriis
2395 522 2653 586 missum
2701 521 2791 586 ad

461 620 809 703 Agricolam
846 622 1182 703 codicilloS,
1231 623 1459 705 quibus
1490 625 1549 690 ei
1580 622 1765 706 Syria
1796 624 2086 704 dabatur,
2130 625 2372 705 tulisse,
2423 644 2567 691 cum
2600 644 2791 708 prae-

460 733 667 810 cepto,
714 732 804 809 ut,
860 729 913 793 si
960 727 1024 792 in
1070 727 1402 795 Britannia
1447 728 1633 811 foret,
1680 730 2115 811 traderentur3
2170 749 2438 813 eumque
2484 731 2786 796 libertum

457 832 524 897 in
575 833 715 914 ipso
772 831 936 899 freto
997 834 1212 899 oceani
1273 833 1524 900 obvium
1574 835 1906 918 Agricolae
1925 885 1941 917 ,
2007 855 2087 902 ne
2145 835 2465 919 adpellato
2528 836 2787 919 quidem

354 956 422 1008 10
459 954 533 1003 eo
577 937 660 1003 ad
692 938 1119 1004 Domitianum
1165 957 1501 1020 remeasse,
1549 942 1681 1007 sive
1728 960 1945 1006 verum
1990 942 2185 1021 istud,
2228 943 2361 1007 sive
2405 961 2482 1008 ex
2528 943 2787 1025 ingenio

458 1043 756 1127 principis
801 1042 1017 1112 fictum
1050 1063 1126 1110 ac
1158 1046 1573 1128 compositum
1606 1053 1724 1111 est.
1788 1047 2168 1114 Tradiderat
2197 1048 2451 1114 interim
2485 1046 2789 1131 Agricola

458 1151 810 1217 successori
853 1169 967 1216 suo
1013 1153 1401 1233 provinciam
1447 1153 1725 1234 quietam
1772 1159 2117 1235 tutamque.
2213 1155 2325 1237 Ac⁴
2348 1172 2428 1219 ne
2482 1153 2788 1220 notabilis

459 1255 827 1322 celebritate
890 1261 954 1322 et
1013 1257 1367 1339 frequentia
1422 1260 1893 1325 'occurrentium
1952 1260 2252 1325 introitus
2311 1265 2507 1340 esset,
2578 1261 2786 1326 vitato

460 1362 801 1428 amicorum
856 1361 1062 1429 officio
1118 1368 1306 1429 noctu
1361 1363 1426 1430 in
1482 1366 1731 1446 urbem,
1795 1373 1989 1431 noctu
2041 1366 2108 1430 in
2162 1365 2499 1450 palatium,
2562 1367 2657 1432 ita
2708 1372 2787 1431 ut

357 1482 421 1535 15
457 1473 865 1550 praeceptum
928 1474 1097 1548 erat,
1178 1469 1374 1550 venit3
1451 1474 1875 1553 exceptusque
1942 1471 2122 1537 brevi
2189 1471 2406 1537 osculo
2476 1475 2541 1538 et
2606 1472 2786 1538 nullo

459 1590 749 1639 sermone
796 1575 1023 1640 turbae
1068 1575 1477 1640 servientium
1508 1575 1830 1642 immixtus
1862 1584 1979 1644 est.
2049 1574 2349 1642 Ceterum
2379 1579 2475 1643 uti
2507 1577 2787 1643 militare

460 1697 711 1759 nomen,
777 1699 971 1763 grave
1024 1682 1193 1748 inter
1248 1683 1511 1762 otiosos,
1575 1682 1718 1748 aliis
1763 1683 2103 1748 virtutibus
2151 1687 2557 1765 temperaret,
2606 1688 2787 1748 tran-

458 1786 831 1867 quillitatem
882 1792 1075 1870 atque
1121 1789 1318 1853 otium
1364 1788 1618 1870 penitus
1656 1787 1886 1867 hausit,
1934 1789 2110 1854 cultu
2141 1788 2450 1867 modicus,
2493 1806 2787 1854 sermone

460 1890 677 1971 facilis,
730 1912 855 1958 uno
912 1899 1026 1958 aut
1082 1893 1282 1959 altero
1339 1894 1679 1959 amicorum
1729 1894 2083 1974 comitatus,
2148 1895 2307 1961 adeo
2356 1899 2429 1959 ut
2473 1895 2785 1977 plerique,

353 2020 423 2071 20
459 1997 686 2079 quibus
748 2017 1007 2080 magnos
1064 2000 1230 2064 viros
1289 2018 1403 2080 per
1446 2000 1853 2066 ambitionem
1899 2000 2235 2066 aestimare
2280 2018 2414 2066 mos
2462 2004 2588 2080 est,
2644 1999 2784 2065 viso

458 2107 838 2186 aspectoque
887 2105 1177 2186 Agricola
1222 2111 1604 2186 quaererent
1647 2105 1898 2185 famam,
1951 2106 2138 2188 pauci
2183 2106 2782 2187 interpretarentur.

636 2212 737 2273 41.
803 2207 1039 2276 Crebro
1099 2228 1214 2293 per
1267 2228 1376 2275 eos
1434 2211 1569 2275 dies
1624 2211 1793 2292 apud
1841 2210 2268 2276 Domitianum
2324 2211 2553 2277 absens
2600 2229 2784 2278 accu-

459 2318 656 2392 satus,
706 2314 932 2379 absens
977 2314 1305 2379 absolutus
1353 2319 1472 2381 est.
1562 2298 1775 2380 'Causa
1818 2315 2081 2397 periculi
2125 2333 2249 2380 non
2298 2316 2533 2381 crimen
2581 2316 2782 2382 ullum

460 2426 572 2484 aut
626 2421 881 2501 querela
934 2423 1092 2486 laesi
1150 2422 1535 2503 cuiusquam,
1598 2422 1720 2487 sed·
1767 2420 2048 2487 infensus
2105 2423 2441 2488 virtutibus
2486 2425 2782 2507 princeps

460 2531 525 2590 et
582 2527 784 2606 gloria
836 2528 954 2592 viri
1011 2546 1086 2593 ac
1141 2528 1485 2609 pessimum
1531 2528 1923 2592 inimicorum
1970 2546 2193 2610 genuS‚
2250 2529 2603 2594 laudantes.
2696 2527 2785 2593 Et

354 2654 386 2705 5
461 2651 539 2698 ea
595 2634 882 2700 insecuta
936 2641 1085 2698 sunt
1140 2633 1232 2699 rei
1284 2633 1573 2715 publicae
1631 2640 1944 2714 tempora,
2000 2652 2162 2715 quae
2209 2634 2381 2699 sileri
2425 2633 2780 2716 Agricolam

461 2756 586 2802 non
631 2739 935 2803 sinerent:
982 2743 1081 2803 tot
1126 2739 1438 2803 exercitus
1483 2740 1548 2802 in
1592 2738 1831 2804 Moesia
1864 2739 2186 2822 Daciaque
2232 2748 2300 2805 et
2331 2734 2674 2805 Germania
2718 2748 2784 2805 et

461 2842 784 2909 Pannonia
828 2844 1188 2910 temeritate
1235 2848 1348 2909 aut
1389 2863 1505 2926 per
1547 2844 1862 2925 ignaviam
1907 2846 2135 2911 ducum
2184 2845 2418 2927 amissi,
2477 2849 2575 2911 tot
2617 2845 2782 2910 mili-

458 2952 633 3014 tares
687 2950 806 3015 viri
861 2969 1002 3015 cum
1048 2954 1144 3015 tot
1189 2948 1553 3016 cohortibus
1600 2951 1941 3033 expugnati
1987 2956 2055 3016 et
2099 2952 2298 3033 capti3
2363 2970 2481 3017 nec
2524 2952 2654 3016 iam
2701 2951 2783 3017 de

459 3055 658 3120 limite
703 3057 949 3136 imperii
998 3063 1060 3120 et
1106 3057 1262 3137 ripa,
1311 3056 1422 3120 sed
1471 3056 1549 3121 de
1592 3056 1870 3122 hibernis
1917 3059 2232 3139 legionum
2279 3062 2344 3123 et
2384 3058 2784 3139 possessione

357 3182 422 3233 10
460 3161 834 3227 dubitatum.
910 3162 1010 3227 Ita
1056 3179 1193 3226 cum
1243 3162 1471 3226 damna
1520 3162 1761 3227 damnis
1809 3164 2327 3229 continuarentur
2359 3168 2549 3245 atque
2579 3163 2780 3228 omnis

459 3285 662 3333 annus
715 3266 1041 3333 funeribus
1097 3273 1162 3332 et
1208 3267 1486 3333 cladibus
1532 3269 1972 3350 insigniretur,
2030 3270 2407 3352 poscebatur
2453 3287 2563 3334 ore
2607 3269 2781 3353 vulgi

457 3374 583 3439 dux
639 3375 950 3456 Agricola,
1025 3374 1539 3457 comparantibus
1598 3376 1838 3439 cunctis
1902 3376 2177 3456 vigorem
2235 3381 2301 3441 et
2357 3376 2778 3441 constantiam

458 3484 524 3543 et
578 3484 903 3560 expertum
962 3479 1146 3544 bellis
1202 3481 1479 3544 animum
1537 3498 1677 3544 cum
1723 3481 1951 3545 inertia
1997 3488 2062 3547 et
2104 3480 2438 3545 formidine
2483 3480 2778 3550 aliorum.

458 3584 701 3663 Quibus
748 3585 1140 3650 sermonibus
1186 3585 1338 3649 satis
1387 3589 1635 3675 constat
1668 3586 2011 3652 Domitiani
2044 3605 2292 3668 quoque
2340 3604 2527 3651 aures
2557 3587 2780 3654 verbe-

356 3706 419 3758 15
458 3695 652 3768 ratas,
705 3691 855 3756 dum
902 3693 1174 3773 optimus
1221 3692 1486 3772 quisque
1531 3691 1899 3757 libertorum
1947 3710 2163 3757 amore
2210 3697 2277 3758 et
2321 3692 2462 3773 fide,
2522 3693 2781 3774 pessimi

457 3796 857 3878 malignitate
902 3803 967 3862 et
1011 3797 1206 3861 livore
1252 3815 1521 3878 pronum
1570 3798 1987 3864 deterioribus
2034 3799 2381 3880 principem
2414 3798 2780 3864 exstimula-

458 3902 630 3967 bant.
717 3902 822 3968 Sio
868 3902 1160 3985 Agricola
1214 3901 1401 3967 simul
1456 3904 1587 3967 suis
1643 3904 2001 3986 virtutibuS,
2067 3904 2254 3969 simul
2298 3904 2465 3970 vitiis
2512 3904 2778 3969 aliorum

457 4011 521 4074 in
564 4011 765 4090 ipsam
812 4009 1079 4092 gloriam
1127 4026 1429 4090 praeceps
1476 4010 1805 4090 agebatur.

635 4120 739 4180 42.
787 4117 1028 4181 Aderat
1068 4116 1195 4180 iam
1225 4131 1449 4196 annua,
1497 4132 1621 4196 quo
1653 4115 2167 4197 proconsulatum
2200 4114 2458 4181 Africae
2491 4120 2557 4180 et
2590 4116 2779 4182 Asiae

459 4223 821 4287 sortiretur:
871 4229 949 4287 ‘et
994 4223 1201 4287 occiso
1248 4217 1465 4285 Civica
1510 4238 1711 4302 nuper
1755 4239 1871 4287 nec
1919 4221 2252 4303 Agricolae
2299 4221 2628 4286 consilium
2674 4222 2779 4287 de-

457 4334 598 4394 erat
642 4344 758 4392 nec
790 4327 1149 4393 Domitiano
1195 4326 1571 4407 exemplum.
1639 4326 1979 4392 Accessere
2025 4328 2274 4409 quidam
2325 4328 2779 4409 cogitationum
