2992 4825
989 226 1156 282 Liber
1193 227 1261 280 11.
1326 226 1456 297 Cap.
1495 230 1582 284 82.

2368 222 2486 285 151

75 370 399 436 litionem
455 369 839 451 coeptabat,
889 368 1175 451 adeoque
1207 375 1651 452 commoverat,
1698 375 1771 436 ut
1814 371 2077 455 signifer
2119 374 2383 456 legionis

75 480 220 542 stae
268 476 563 557 signum
616 475 698 540 ad
745 493 888 540 eum
919 476 1341 543 transtulerit.
1431 481 1570 541 tum
1599 475 1858 543 Sentius
1906 497 2204 546 occanere
2251 499 2383 547 cor·
2419 499 2453 552 5

76 600 122 647 a
169 584 531 663 tubasque
588 587 657 646 et
699 581 831 663 peti
865 599 1182 663 aggerem,
1232 581 1393 664 erigi
1439 581 1646 647 scalas
1690 583 1891 664 iussit,
1940 603 2017 649 ac
2047 587 2384 668 promptis-

75 706 226 753 num
263 704 629 770 quemque
661 685 1019 767 succedere,
1068 686 1225 752 alios
1258 688 1592 752 tormentis
1638 688 1858 754 hastas
1905 707 2061 756 saxa
2106 696 2172 755 et
2213 690 2383 757 faces

75 812 321 876 gerere.

433 792 724 856 tandem
755 793 924 857 victa
967 793 1320 873 pertinacia
1353 793 1495 857 Piso
1544 794 1755 860 oravit
1798 799 1871 859 ut
1901 795 2156 861 traditis
2188 797 2382 862 armis

75 904 304 965 aneret
351 900 430 965 in
485 897 788 976 castello,
840 898 986 962 dum
1035 896 1289 980 Caesar,
1339 898 1440 965 cui
1469 897 1721 963 Suriam
1768 900 2187 982 permitteret,
2236 919 2382 967 con-

76 1006 253 1073 litur.

360 1023 508 1070 non
570 1009 869 1086 receptae
930 1004 1352 1086 condiciones,
1417 1022 1537 1070 nec
1585 1005 1759 1071 aliud
1817 1024 2004 1088 quam
2066 1025 2258 1073 naves
2314 1013 2382 1074 et
2422 1029 2492 1081 10

76 1117 213 1178 tum
259 1112 335 1177 in
386 1112 643 1176 urbem
688 1110 814 1176 iter
861 1127 1233 1175 concessum
1278 1114 1396 1177 est.

182 1222 293 1285 82.
375 1219 478 1281 At
529 1216 800 1294 Romae,
849 1221 1183 1298 postquam
1234 1214 1595 1281 Germanici
1638 1216 1940 1282 valetudo
1985 1218 2384 1300 percrebruit

75 1331 373 1406 unctaque
425 1328 510 1388 ut
563 1340 647 1386 ex
675 1321 1020 1405 longinquo
1052 1327 1241 1386 aucta
1271 1322 1337 1386 in
1370 1321 1651 1388 deterius
1681 1322 2153 1403 adferebantur,
2202 1325 2382 1391 dolor

75 1448 124 1510 a,
170 1436 239 1495 et
287 1427 751 1510 erumpebant
797 1433 1076 1510 questus..
1170 1427 1312 1493 ideo
1359 1428 1653 1492 nimirum
1700 1429 1765 1492 in
1813 1435 2127 1495 extremas
2175 1436 2381 1496 terras

75 1534 393 1617 degatum,
447 1532 614 1599 ideo
644 1533 858 1598 Pisoni
899 1532 1272 1616 permissam
1315 1534 1737 1616 provinciam3
1784 1532 1905 1599 hoc
1937 1535 2140 1614 egisse
2172 1553 2380 1602 secre-

75 1657 115 1704 »s
162 1642 517 1723 Augustae
571 1655 717 1703 cum
765 1637 1066 1702 Plancina
1109 1655 1449 1703 sermones,
1545 1655 1698 1702 vera
1740 1655 2000 1718 prorsus
2047 1637 2127 1702 de
2174 1640 2379 1706 Druso
2416 1661 2449 1711 5

75 1746 302 1811 miores
351 1744 664 1810 locutos:
713 1743 1050 1825 displicere
1094 1742 1507 1825 regnantibus
1540 1742 1749 1808 civilia
1789 1740 2060 1809 filiorum
2106 1745 2376 1827 ingenia,

75 1869 227 1932 eque
288 1852 375 1917 ob
446 1850 638 1915 aliud
703 1849 1108 1931 interceptos,
1177 1866 1366 1931 quam
1435 1848 1585 1931 quia
1652 1848 1958 1931 populum
2025 1849 2378 1917 Romanum

75 1975 220 2039 equo
275 1959 427 2024 iure
486 1956 832 2038 complecti
892 1957 1144 2022 reddita
1200 1956 1497 2022 libertate
1553 1956 1955 2038 agitaverint.
2049 1955 2165 2022 hos
2209 1956 2382 2040 vulgi

75 2081 349 2129 ermones
399 2064 643 2129 audita
689 2080 858 2127 mors
891 2063 1047 2128 adeo
1093 2062 1389 2142 incendit,
1438 2068 1511 2126 ut
1556 2066 1705 2127 ante
1737 2062 2015 2128 edictum
2046 2063 2380 2144 magistra-

109 2364 157 2417 4.
194 2362 514 2417 seditionem
556 2360 847 2443 coeptabat
883 2361 924 2427 Ι,
963 2362 1030 2415 38
1052 2376 1103 2415 u.
1128 2362 1213 2415 45.

77 2477 112 2488 -
146 2449 401 2518 siqnifer:
462 2452 586 2507 ein
646 2450 1087 2518 Fahnentrager,
1143 2448 1214 2504 da

79 2537 125 2591 ei
169 2539 315 2593 einer
352 2540 574 2608 Legion
623 2537 784 2606 ,ieder
835 2537 934 2592 der
986 2540 1057 2592 30
1093 2538 1212 2591 Ma-

79 2623 223 2692 ipeln
267 2629 387 2683 sein
432 2629 669 2698 siynum
713 2627 893 2697 hatte;
951 2626 1214 2694 aquilifer

79 2715 133 2763 ur
168 2711 249 2768 die
285 2731 461 2782 ganze
499 2715 735 2783 Legion.

119 2801 166 2853 5.
211 2804 579 2871 transtulerit,
635 2802 782 2858 Perf.
819 2803 921 2858 wie
956 2803 1001 2868 I,
1041 2806 1091 2857 3.
1147 2830 1211 2842 ο-

82 2899 288 2943 ccanere
321 2907 429 2946 von
470 2893 912 2960 Instrumenten,
967 2889 1212 2945 occinere

81 2991 150 3030 on
184 2977 402 3046 Vogeln.

118 3066 166 3117 6.
209 3067 330 3133 peti
382 3084 643 3140 ayyerem
706 3068 772 3138 (I,
810 3067 906 3137 65)
966 3081 1028 3121 er
1086 3064 1208 3120 liess

83 3151 258 3207 >amm-
304 3155 437 3212 oder
484 3155 825 3213 Schutterde
880 3155 1061 3221 bolen,
1118 3170 1209 3208 um

83 3248 151 3292 len
194 3240 408 3299 Graben
462 3244 814 3302 auszufilllen
868 3243 980 3298 und
1034 3241 1207 3297 durch

83 3324 199 3381 *inen
228 3331 482 3387 Aufwurf
514 3349 589 3387 an
628 3332 724 3387 der
758 3332 954 3386 Mauer
989 3330 1078 3384 ihr
1103 3329 1206 3383 Er·

86 3416 254 3483 teigen
289 3437 359 3473 zu
392 3421 752 3477 erleichtern.

123 3505 169 3561 7.
201 3508 479 3563 succedere
503 3532 571 3555 =
594 3508 843 3577 adgredi.
874 3537 940 3546 —
978 3512 1030 3561 et
1064 3506 1209 3560 beim

85 3586 249 3645 iritten
282 3594 477 3651 Gliede
517 3598 626 3665 vgl.
651 3598 697 3666 1,
723 3600 774 3654 3.
844 3596 995 3662 faces
1032 3593 1208 3649 sollen

87 3680 342 3737 ›esonders
437 3683 892 3754 hervorgehoben
971 3682 1209 3737 werden.

87 3764 267 3822 mders
301 3770 398 3838 IV,
433 3774 506 3826 49
541 3788 687 3827 saxa
722 3772 916 3827 hastae
949 3771 1120 3840 iynes.

129 3852 176 3906 9.
209 3853 334 3910 dum
366 3858 460 3913 bei
485 3859 550 3916 Τ.
589 3860 671 3916 oft
706 3860 848 3916 auch
885 3861 941 3914 in
980 3875 1061 3914 or.
1101 3857 1208 3913 obl.

89 3937 154 3991 nit
187 3941 295 3998 lnd.
319 3946 491 4016 Pras„
529 3948 741 4005 sowohl
776 3948 835 4003 in
872 3948 969 4004 der
997 3946 1207 4002 Beden-

89 4038 196 4095 ³⁰⁰8
241 4029 341 4086 bis
395 4033 562 4106 (XIV,
599 4037 690 4108 58)
747 4036 832 4092 als
888 4033 1208 4091 wahrend

92 4108 178 4181 XI,
225 4120 308 4173 33.
361 4121 481 4192 xv,
516 4129 570 4180 2.
620 4128 705 4182 59.
767 4125 914 4192 xm,
961 4126 1016 4193 5)
1075 4121 1207 4178 oder

92 4213 136 4252 >n
147 4201 274 4258 dem
309 4208 476 4282 (XIII,
499 4217 581 4269 15.
605 4214 725 4284 XV,
741 4215 857 4281 45).
908 4212 1021 4267 Der
1041 4210 1206 4280 KonJ.

91 4283 117 4352 ἵ,
151 4291 226 4344 29.
261 4295 344 4349 46.
379 4296 499 4370 XII,
538 4304 620 4357 10.

75 2186 224 2250 uum,
273 2176 434 2235 ante
469 2174 743 2235 senatus
776 2169 1135 2234 consultum
1167 2174 1421 2252 sumpto
1466 2168 1710 2233 iustitio
1741 2169 2191 2234 desererentur
2220 2166 2375 2249 fora,
2421 2189 2489 2241 10

1323 2359 1462 2433 Καρ.
1488 2357 1715 2417 82-83.
1754 2358 1967 2418 τταιιοι·
1995 2373 2093 2418 um
2117 2358 2487 2420 Germanicus.

1390 2465 1484 2538 82,
1526 2470 1571 2521 1.
1601 2453 1910 2535 postquam'
1924 2466 2271 2534 percrebruit
2309 2508 2359 2522 ..
2386 2468 2485 2521 ad-

1314 2555 1655 2623 ferebantur,
1671 2555 1771 2608 mit
1788 2554 2052 2610 welchem
2069 2553 2440 2610 Unterschied
2454 2558 2486 2612 ⁴?

1388 2664 1442 2715 2.
1475 2665 1542 2714 ut
1577 2659 2029 2729 restringierend‚
2067 2660 2169 2715 wie
2206 2661 2252 2730 1,
2289 2663 2376 2720 65.
2416 2691 2477 2701 —

1316 2748 1381 2802 in
1415 2747 1655 2802 deterius
1689 2748 1733 2815 1,
1760 2750 1858 2813 623
1895 2749 2005 2817 vgl.
2040 2749 2194 2818 XIII,
2218 2752 2289 2804 43
2323 2766 2487 2805 versa

1317 2835 1381 2890 in
1416 2835 1467 2890 d.
1506 2835 1730 2903 deferre.

1304 2990 1311 3003 .
1387 2926 1438 2979 4.
1473 2928 1705 2978 secretos
1741 2964 1755 2978 .
1782 2966 1797 2982 .
1832 2939 2103 2978 sermones
2139 2925 2208 2980 K.
2243 2928 2329 2981 43.

1387 3032 1436 3084 5.
1474 3029 1683 3097 DrusO,
1735 3030 1831 3085 des
1886 3029 2243 3085 Germanicus
2293 3031 2480 3099 Vater,

1314 3117 1573 3185 welcher,
1628 3116 1701 3172 da
1753 3132 1814 3172 er
1870 3117 1959 3172 die
2007 3118 2287 3186 Republik
2340 3118 2485 3174 habe
2545 3186 2548 3191 ,

1315 3206 1619 3262 herstellen
1640 3205 1856 3272 wellen,
1877 3204 2140 3275 vergiftet
2159 3208 2281 3261 sein
2298 3206 2478 3264 sollte.

1316 3294 1464 3350 Suet.
1507 3293 1697 3349 Claud.
1740 3298 1786 3349 1.

1387 3402 1435 3454 6.
1469 3399 1658 3455 civilia
1680 3399 1906 3468 inqenia
1943 3399 1987 3467 Ι,
2008 3402 2093 3455 33.
2114 3429 2183 3440 -
2217 3399 2477 3468 filiorum,

1319 3491 1535 3544 Drusus
1573 3504 1687 3544 war
1725 3487 2005 3543 Stiefsohn
2042 3488 2138 3544 des
2177 3491 2482 3558 Augustus,

1316 3577 1677 3632 Germanicus
1691 3576 2075 3645 Adoptivsohn
2094 3576 2191 3631 des
2204 3576 2483 3632 Tiberius.

1386 3687 1435 3738 7.
1474 3681 1800 3749 interceptos
1837 3680 1907 3737 K.
1945 3685 2028 3736 71.

1383 3772 1434 3824 8.
1473 3784 1647 3837 aequo
1671 3769 1793 3823 iure
1810 3768 2113 3838 complecti.-
2136 3769 2190 3822 in
2210 3768 2475 3837 gleichem

1314 3857 1525 3913 Rechte
1549 3855 1840 3925 umfassen,
1879 3856 1933 3915 d.
1955 3856 2012 3912 h.
2047 3856 2320 3912 rechtlich
2355 3856 2475 3912 sich

1312 3944 1724 4015 gleichstellen;
1761 3944 1872 4014 vgl.
1910 3944 2030 4013 XV,
2054 3947 2125 3999 48
2159 3944 2365 3999 multas
2385 3945 2474 4011 fa-

1310 4033 1495 4088 milias
1529 4038 1773 4101 paterna
1817 4031 2105 4087 nobilitate
2148 4033 2475 4100 complexus.

1383 4124 1434 4177 9.
1470 4120 1754 4175 incendere
1803 4120 1906 4174 mit
1955 4119 2290 4175 sachlichem
2325 4123 2477 4190 Acc.,

1313 4210 1415 4264 wie
1451 4210 1494 4276 1,
1530 4212 1619 4263 23.

1390 4300 1469 4352 10.
1506 4294 1785 4351 iustitium
1819 4296 1864 4362 I,
1904 4297 1969 4350 16
2006 4293 2117 4350 und
2152 4297 2239 4351 50.
