2992 4825
480 189 564 249 '72
1409 203 1576 259 Liber
1609 204 1653 258 L
1709 204 1840 273 cap.
1878 205 1961 260 ca

585 343 757 421 ordo,
822 350 1017 425 utque
1075 344 1190 410 tali
1243 347 1310 410 in
1369 350 1654 429 tempore
1714 346 1835 412 sibi
1893 347 2160 429 quisque
2214 362 2520 429 properus
2585 351 2657 411 et
2701 344 2804 408 len

586 449 925 514 adversum
970 451 1237 533 imperia
1280 469 1486 532 aureS,
1533 454 1894 535 inrumpere
1940 451 2294 518 Germanos
2337 451 2531 533 iubet,
2577 450 2766 516 clam'

486 572 549 623 15
594 574 706 634 „en
740 554 951 621 Varus
995 558 1337 640 eodemque
1380 558 1615 623 iterum
1660 557 1794 624 fato
1821 559 2074 625 vinctae
2118 558 2466 640 legiones!“
2519 554 2715 622 simul
2756 555 2798 620 h

589 667 653 723 et
697 679 837 726 cum
883 661 1148 728 delectis
1179 664 1411 730 scindit
1456 683 1686 745 agmen
1716 664 2018 747 equisque
2061 660 2332 730 maxime
2365 662 2637 728 vulnera
2664 662 2811 743 inge
2841 662 2853 673 ‘

586 765 681 831 illi
724 767 1028 850 sanguine
1087 786 1202 834 suo
1248 775 1313 835 et
1357 769 1601 835 lubrico
1655 769 1955 852 paludum
2001 770 2325 852 lapsantes
2381 769 2670 834 excussis
2716 784 2820 831 rec

589 871 763 938 ribus
793 872 1061 940 disicere
1090 876 1328 956 obvios,
1375 881 1705 959 proterere
1736 877 2036 943 iacentes
2125 875 2434 957 plurimus
2464 875 2641 941 circa
2671 872 2838 956 aquil

587 976 787 1056 labor,
853 997 1014 1061 quae
1069 999 1272 1064 neque
1323 981 1476 1047 ferri
1534 982 1868 1048 adversum
1925 982 2288 1064 ingruentia
2343 981 2479 1046 tela
2531 997 2755 1062 neque

483 1099 556 1153 20
587 1081 812 1149 limosa
856 1084 1046 1151 humo
1092 1091 1407 1169 poterant.
1502 1085 1781 1154 Caecina
1824 1087 1975 1153 dum
2007 1093 2330 1153 sustentat
2374 1087 2599 1166 aciem,
2651 1081 2785 1150 suff

590 1207 748 1271 equo
781 1190 1076 1273 delapsus
1108 1193 1737 1274 circumveniebatur,
1784 1194 1851 1259 ni
1878 1193 2085 1276 prima
2111 1192 2276 1274 legio
2320 1210 2462 1258 sese
2493 1191 2800 1274 opposuis

589 1295 747 1360 iuvit
793 1296 1066 1363 hostium
1112 1298 1398 1378 aviditas,
1446 1300 1684 1366 omissa
1730 1299 1926 1366 caede
1972 1300 2276 1382 praedam
2318 1298 2744 1374 sectantium3
2790 1314 2822 1359 e

590 1418 824 1482 saeque
877 1402 1161 1486 legiones
1205 1410 1690 1487 vesperascente
1745 1406 1850 1471 die
1893 1406 1961 1470 in
2018 1409 2242 1487 aperta
2284 1410 2353 1469 et
2393 1402 2623 1468 solida.
2718 1418 2833 1482 neq

1379 1510 1752 1576 struendum
1783 1510 2035 1589 vallum,
2080 1510 2390 1592 petendus
2420 1527 2640 1590 agger,
2689 1507 2839 1572 amis

486 1631 555 1684 25
591 1631 825 1694 magna
868 1632 944 1678 ex
973 1620 1156 1696 parte
1199 1635 1316 1698 per
1345 1634 1510 1698 quae
1540 1619 1822 1700 egeritur
1866 1617 2092 1682 humus
2137 1621 2253 1681 aut
2281 1615 2595 1681 exciditur
2629 1633 2709 1680 ca

589 1506 644 1575 is
690 1508 1084 1575 miseriarum
1131 1509 1288 1576 finiS.

592 1737 717 1784 non
761 1722 1038 1786 tentoria
1063 1723 1419 1804 manipuli8‚
1469 1741 1595 1788 non
1639 1721 1924 1788 fomenta
1959 1721 2222 1800 sauciis;
2267 1720 2529 1786 infectos
2561 1737 2764 1786 caeno
2805 1725 2891 1785 aut

591 1842 819 1891 cruore
860 1826 1035 1892 cibos
1081 1828 1438 1895 dividentes
1482 1828 1770 1895 funestas
1802 1828 2102 1895 tenebras
2147 1833 2215 1893 et
2256 1832 2359 1893 tot
2386 1826 2719 1892 hominum
2759 1823 2891 1890 mili-

592 1930 711 1996 bus
755 1949 953 1996 unum
996 1933 1124 1998 iam
1167 1934 1479 2017 reliquum
1527 1936 1697 2001 diem
1740 1934 2278 2002 lamentabantur.

771 2042 874 2104 66.
948 2039 1141 2105 Forte
1184 2058 1384 2122 equus
1441 2041 1732 2125 abruptis
1777 2040 2042 2106 vinculis
2088 2056 2289 2123 vagus
2355 2043 2420 2104 et
2464 2038 2750 2105 clamore
2788 2041 2886 2102 ter·
2917 2104 2918 2141 1

592 2142 753 2219 ritus
808 2144 1117 2225 quosdam
1180 2149 1647 2214 occurrentium
1709 2148 2094 2215 obturbavit.
2183 2151 2370 2212 tanta
2425 2144 2575 2211 inde
2640 2144 2918 2209 constet-3

593 2251 767 2314 natio
834 2250 1148 2333 inrupisse
1205 2252 1558 2320 Germanos
1618 2254 2033 2332 credentium,
2100 2257 2175 2318 ut
2230 2250 2442 2318 cuncti
2507 2254 2781 2314 ruerent
2824 2247 2871 2311 ad

526 2480 559 2532 5
595 2460 985 2542 fugientibus
1029 2464 1247 2532 tutior.
1341 2464 1618 2533 Caecina
1663 2471 1985 2548 comperto
2030 2482 2259 2530 vanam
2314 2481 2456 2529 esse
2499 2460 2881 2537 formidinem,

594 2361 832 2437 portas,
895 2374 1165 2439 quarum
1220 2359 1570 2427 decumana
1624 2360 1896 2426 maxime
1937 2358 2296 2443 petebatur,
2342 2374 2569 2423 aversa
2626 2353 2798 2421 hosti
2839 2358 2876 2416 et
2918 2398 2920 2544 γ

565 2694 651 2751 13.
686 2696 855 2760 atque
888 2692 1081 2747 nimmt
1106 2692 1261 2747 nicht
1298 2693 1396 2748 das
1421 2694 1652 2749 vorher·

491 2780 740 2848 gehende
764 2784 827 2833 ut
862 2779 1062 2835 wieder
1085 2781 1200 2850 auf,
1237 2781 1476 2837 sondern
1502 2782 1654 2837 steht

492 2869 550 2922 in
586 2868 1107 2939 restringierendem
1133 2869 1301 2925 Sinne
1339 2890 1403 2914 =
1443 2878 1508 2924 ut
1529 2869 1654 2925 fieri

493 2957 654 3012 solet.

569 3047 650 3102 15.
704 3044 918 3100 emotae
969 3046 1077 3115 vgl.
1124 3048 1259 3115 Agr.
1310 3050 1379 3102 32
1436 3047 1656 3101 clausos

494 3134 734 3203 quodam
785 3135 943 3189 modo
999 3151 1063 3190 ac
1117 3135 1329 3190 vinctos
1383 3135 1447 3189 di
1494 3136 1657 3191 nobis

492 3224 865 3283 tradiderwnt.
921 3256 990 3266 —
1037 3225 1198 3280 simul
1234 3226 1365 3279 haec
1418 3240 1495 3283 sc.
1545 3224 1655 3280 cla·

494 3313 674 3381 mitat,
722 3318 789 3377 et,
828 3315 931 3370 wie
966 3314 1063 3383 IV,
1099 3315 1169 3368 25
1222 3312 1386 3367 simul
1436 3318 1655 3381 coeptus

398 3435 403 3438 -
494 3402 614 3457 dies
649 3408 700 3456 et
737 3444 785 3460 ..
822 3402 1090 3470 aderant5
1125 3403 1233 3471 vgl.
1270 3392 1392 3471 ἅμα
1430 3431 1499 3442 -
1534 3402 1655 3455 καί.

571 3493 654 3544 17.
714 3490 923 3545 lubrico
973 3491 1245 3560 paludum
1305 3490 1412 3558 vgl.
1460 3490 1531 3544 Κ.
1583 3493 1651 3546 61

497 3577 682 3633 umido
715 3578 996 3647 paludum.
1021 3610 1084 3620 —
1123 3580 1344 3648 lapsare
1365 3580 1466 3634 wie
1486 3579 1655 3648 Verg.

497 3670 566 3723 A.
604 3668 678 3735 11,
714 3669 835 3723 551.
976 3711 979 3712 ⁷

574 3757 657 3811 18.
697 3753 847 3811 circa
882 3756 1049 3811 lokal.

570 3847 654 3903 19.
676 3844 776 3913 fiyi
795 3846 955 3899 humo
981 3844 1120 3898 auch
1139 3844 1304 3912 Verg.
1325 3843 1390 3898 G.
1412 3843 1508 3912 IV,
1526 3845 1656 3908 1153

499 3932 744 4001 dagegen
780 3933 896 3988 Liv.
934 3932 1086 4001 VIII,
1122 3934 1156 3986 8
1191 3931 1256 3985 in
1289 3936 1457 3990 terra.

569 4024 656 4075 23.
692 4025 1097 4088 vesperascente
1122 4019 1209 4074 die
1233 4020 1372 4075 auch
1394 4019 1545 4086 XVI,
1560 4022 1655 4088 343

497 4110 626 4165 hist.
650 4109 722 4179 H,
748 4113 846 4174 493
882 4109 989 4178 vgl.
1024 4109 1167 4178 Nep.
1203 4108 1319 4164 Pel.
1356 4112 1389 4163 2
1423 4125 1471 4163 v.
1492 4108 1659 4166 caelo·

568 4200 654 4252 24.
690 4196 891 4251 vallum
926 4197 1156 4252 bestand
1179 4196 1523 4265 gewohnlich
1558 4212 1658 4252 aus

498 4285 675 4339 einem
701 4284 947 4340 Erdwall
982 4286 1082 4340 mit
1117 4284 1453 4350 Pfablwerk3
1490 4301 1661 4355 ayyer

1758 2694 2076 2749 bezeichnet
2123 2693 2246 2747 hier
2297 2691 2385 2746 die
2438 2705 2538 2744 zur
2574 2687 2881 2752 Errichtung

1760 2782 1859 2838 des
1921 2781 2133 2836 Walles
2205 2776 2609 2835 erforderliche
2684 2773 2877 2832 Materia

1761 2870 1995 2939 (humus,
2013 2869 2253 2938 caespes)
2269 2887 2285 2932 3
2307 2872 2489 2936 petere
2506 2881 2752 2934 ayqerew
2765 2863 2868 2918 also:

1761 2960 1861 3014 das
1899 2975 2023 3013 zum
2050 2958 2247 3012 Damm
2284 2954 2687 3012 erforderliche
2713 2951 2872 3007 herbei-

1763 3047 2039 3111 schaffen3
2096 3045 2205 3115 vgl.
2229 3045 2386 3102 Caes.
2425 3044 2478 3101 b.
2516 3043 2581 3097 G.
2623 3044 2697 3109 11,
2724 3044 2789 3097 20
2816 3039 2882 3107 qui

1763 3136 1981 3207 aqqeris
2015 3134 2244 3205 petendi
2293 3148 2467 3187 causa
2505 3133 2885 3200 processeram

1761 3224 1816 3283 b.
1841 3240 1887 3279 c.
1909 3225 1951 3293 1,
1969 3227 2039 3278 42
2067 3223 2285 3293 lonyias
2302 3227 2422 3276 erat
2441 3236 2612 3290 aqyer
2633 3217 2886 3288 petendus.

1835 3314 1923 3368 27.
1957 3313 2207 3380 funestae
2244 3310 2397 3379 oder,
2433 3309 2535 3363 wie
2559 3309 2634 3375 ΙΙ,
2653 3312 2739 3377 31,
2771 3306 2887 3374 fera·

1759 3401 1840 3455 les
1876 3400 2159 3455 tenebrae.-
2196 3397 2723 3469 grabesdunkel.

1830 3577 1929 3648 66,
1966 3581 2018 3631 2.
2056 3575 2371 3632 obturbavit
2405 3596 2470 3621 =
2505 3571 2822 3643 prostravit.
2842 3596 2886 3607 -

1762 3665 2138 3720 consternatio
2173 3664 2243 3721 Κ.
2278 3667 2363 3720 89.

1832 3757 1886 3813 4.
1924 3768 2149 3809 aversus
2197 3754 2257 3806 in
2303 3751 2419 3806 lok.
2452 3750 2783 3817 Bedeutung
2822 3744 2893 3799 mit

1764 3843 1941 3898 einem
1966 3842 2130 3897 Dativ
2165 3858 2271 3896 nur
2295 3842 2446 3905 hier;
2487 3846 2648 3896 sonst
2685 3840 2742 3893 in
2764 3838 2892 3891 uber·

1766 3936 2052 3998 tragenem
2091 3929 2257 3985 Sinne
2293 3928 2655 3997 regelmassig
2688 3927 2786 3981 mit
2816 3940 2856 3978 a.

1836 4021 1888 4076 5.
1924 4023 2194 4085 comperto
2241 4017 2344 4070 mit
2381 4015 2504 4070 dem
2553 4015 2731 4071 durch
2763 4014 2891 4069 einen

1765 4121 1878 4160 acc.
1915 4121 1961 4160 c.
1998 4105 2098 4160 inf.
2135 4105 2269 4161 oder
2304 4105 2465 4161 einen
2488 4104 2783 4173 Fragesatz
2801 4114 2891 4155 ver·

1767 4200 2025 4248 tretenen
2077 4192 2311 4262 Subjekt
2356 4193 2522 4260 (nach
2571 4191 2773 4259 Livius)
2811 4201 2890 4256 επ

1768 4283 1851 4336 oft
1883 4281 1972 4335 bei
2009 4281 2141 4339 Tac.
2178 4281 2430 4349 (Schultz
2465 4283 2574 4336 415
2614 4283 2676 4334 A.
2712 4279 2776 4347 5).
