2992 4825
989 241 1157 297 Liber
1193 242 1263 296 11.
1324 241 1456 310 Gap.
1498 242 1579 295 18.
1621 244 1703 300 19.
2467 229 2549 289 99

140 386 486 464 postremos
545 403 622 451 ac
676 384 885 450 latera
936 382 1204 467 impulit.

1311 384 1669 464 mirumque
1728 384 1919 465 dictu,
1985 383 2110 448 duo
2168 382 2447 448 hostium

142 488 388 570 agmina
432 491 681 557 diversa
708 490 879 573 fuga,
924 491 1030 573 qui
1076 490 1301 556 silvam
1345 493 1704 571 tenuerant,
1749 489 1816 555 in
1842 492 2083 572 aperta,
2129 489 2240 570 qui
2283 506 2446 554 cam-

139 594 226 676 pis
266 596 671 677 adstiterant‚
733 598 799 661 in
857 596 1081 662 silvam
1135 597 1424 663 ruebant.
1518 595 1711 662 medii
1753 596 1921 661 inter
1980 594 2099 661 hos
2142 592 2446 662 Cherusci
2486 614 2553 666 10

143 700 394 769 collibus
424 703 946 784 detrudebantur,
994 702 1160 768 inter
1188 719 1346 784 quos
1390 702 1660 784 insignis
1690 700 2013 767 Arminius
2057 718 2251 767 manu
2292 718 2445 766 voce

83 769 86 924 Ι
140 804 387 873 vulnere
458 809 862 875 sustentabat
930 827 1222 892 pugnam.

1336 808 1835 889 incubueratque
1902 806 2272 889 sagittariiS,
2339 805 2448 870 illa

83 933 86 938 >
140 917 451 994 rupturus,
514 915 582 979 ni
634 914 978 981 Raetorum
1039 914 1630 996 Vindelicorumque
1691 918 1757 980 et
1811 911 2096 980 Gallicae
2154 911 2448 979 cohortes

83 1051 84 1056 =
141 1018 304 1102 signa
337 1020 734 1087 obiecissent.
825 1021 969 1086 nisu
998 1027 1213 1088 tamen
1246 1022 1529 1103 corporis
1574 1026 1640 1086 et
1668 1020 1912 1103 impetu
1957 1019 2104 1102 equi
2147 1019 2447 1102 pervasit,

139 1125 357 1191 oblitus
418 1127 643 1193 faciem
706 1145 823 1193 suo
884 1145 1125 1208 cruore,
1191 1146 1271 1193 ne
1317 1132 1705 1194 nosceretur.
1797 1126 2053 1209 quidam
2115 1125 2446 1209 adgnitum
2486 1144 2552 1196 15

83 1289 86 1314 p
139 1249 172 1297 a
206 1230 483 1299 Chaucis
537 1233 709 1299 inter
764 1233 997 1300 auxilia
1042 1234 1332 1300 Romana
1391 1233 1729 1315 agentibus
1775 1232 2195 1313 emissumque
2248 1231 2447 1296 tradi·

83 1347 84 1354 ’
139 1338 372 1406 derunt.
465 1339 671 1405 virtus
730 1358 845 1405 seu
901 1339 1077 1406 fraus
1136 1341 1358 1406 eadem
1417 1340 1819 1422 Inguiomero
1879 1336 2180 1421 effugium
2242 1337 2444 1403 dedit:

83 1451 86 1528 ξ
140 1445 323 1510 ceteri
353 1445 595 1527 passim
625 1446 946 1513 trucidati.
1039 1450 1105 1512 et
1133 1446 1469 1529 plerosque
1501 1453 1759 1513 tranare
1789 1445 2110 1528 Visurgim
2141 1449 2446 1510 conantes

83 1535 86 1614 l
139 1549 360 1615 iniecta
414 1550 550 1617 tela
604 1555 719 1617 aut
761 1549 856 1616 vis
915 1548 1209 1633 fluminis,
1270 1556 1588 1635 postremo
1634 1551 1831 1618 moles
1875 1550 2195 1617 ruentium
2241 1556 2307 1617 et
2350 1551 2446 1616 in-

83 1681 84 1684 *
83 1629 409 1723 'cidentes
442 1658 620 1739 ripae
653 1675 978 1740 operuere.
1067 1659 1322 1740 quidam
1353 1660 1526 1740 turpi
1568 1657 1721 1741 fuga
1762 1659 1828 1724 in
1872 1676 2121 1724 summa
2148 1658 2446 1723 arborum
2481 1679 2553 1729 20

83 1795 84 1860 3
140 1762 244 1828 nisi
287 1764 611 1845 ramisque
668 1782 736 1830 se
782 1764 1174 1830 occultantes
1220 1765 1493 1831 admotis
1555 1765 1905 1848 sagittariis
1948 1783 2063 1847 per
2105 1763 2447 1830 ludibrium

83 1863 84 1890 Τ
143 1867 502 1953 figebantur,
550 1870 711 1936 alios
756 1876 1061 1953 prorutae
1104 1872 1363 1938 arbores
1407 1869 1727 1940 adflixere.

308 1981 407 2042 18.
478 1975 713 2058 Magna
758 1995 834 2043 ea
876 1978 1142 2044 victoria
1193 1997 1398 2061 neque
1462 1982 1725 2045 cruenta
1768 1978 1949 2045 nobis
1993 1975 2133 2045 fuit.
2224 1976 2448 2059 quinta

160 2081 214 2146 ab
260 2082 424 2148 hora
486 2083 612 2149 diei
678 2083 761 2147 ad
821 2088 1069 2149 noctem
1129 2085 1301 2152 caesi
1354 2084 1575 2151 hostes
1629 2085 1848 2151 decem
1907 2083 2083 2149 milia
2139 2100 2445 2165 passuum

153 2189 542 2255 cadaveribus
587 2195 780 2272 atque
823 2190 1017 2256 armis
1050 2191 1403 2274 opplevere,
1450 2193 1721 2273 repertis
1764 2191 1936 2257 inter
1977 2189 2184 2272 spolia
2228 2207 2444 2255 eorum

149 2297 379 2376 cateniS‚
446 2312 605 2378 quas
660 2295 728 2360 in
780 2295 1096 2364 Romanos
1159 2303 1228 2365 ut
1285 2316 1413 2364 non
1470 2297 1663 2363 dubio
1717 2301 1951 2362 eventu
2010 2299 2440 2379 portaverant.

83 2464 84 2467 ,
153 2400 314 2467 miles
349 2401 411 2468 in
459 2402 598 2468 loco
645 2402 872 2485 proelii
899 2403 1221 2472 Tiberium
1264 2405 1717 2488 imperatorem
1747 2403 2049 2471 salutavit
2092 2403 2445 2485 struxitque
2482 2422 2515 2474 5

85 2536 86 2539 ¹
152 2525 420 2591 aggerem
483 2516 551 2575 et
594 2509 660 2574 in
702 2511 960 2577 modum
1021 2517 1425 2595 tropaeorum
1472 2530 1655 2578 arma
1712 2510 2089 2595 subscriptis
2133 2510 2446 2577 victarum

150 2615 410 2696 gentium
455 2616 816 2682 nominibus
860 2617 1180 2701 imposuit.

203 2899 250 2956 9.
282 2898 492 2967 canapis
528 2898 745 2955 lokaler
780 2899 906 2956 Abl.

207 3008 282 3059 11.
319 3003 609 3059 detrudere
632 3006 735 3060 mit
750 3005 986 3061 blossem
998 3006 1124 3062 Abl.
1141 3007 1284 3063 nach

147 3089 249 3145 dem
259 3092 555 3161 Vorgange
573 3109 680 3148 von
692 3093 979 3150 Dichtern.
995 3124 1055 3133 —
1079 3110 1253 3148 manu
1266 3114 1284 3150 .-

146 3179 521 3248 eigenhandige
571 3180 920 3247 Teilnahme3
985 3197 1110 3238 voce
1128 3202 1146 3238 .-
1199 3199 1283 3239 er·

145 3268 476 3324 munternder
529 3269 708 3324 Zuruf
716 3289 731 3339 ;
786 3270 1025 3337 vulnere,
1078 3271 1285 3328 welche

144 3354 217 3411 die
265 3356 741 3427 Kampfgenossen
799 3376 868 3414 zu
917 3375 1092 3416 neuer
1147 3361 1284 3415 Wut

144 3447 410 3502 antreiben
446 3447 675 3512 musste;
729 3448 836 3518 vgl.
875 3449 1057 3504 Germ.
1096 3453 1164 3504 14
1198 3449 1283 3503 in-

137 3532 264 3597 fame
297 3576 310 3590 .
330 3576 345 3591 .
384 3536 736 3603 superstitem
770 3536 1025 3606 principi
1071 3553 1170 3592 suo
1215 3555 1284 3593 ex

142 3620 243 3675 acie
275 3624 556 3679 recessisse
592 3624 691 3680 rel.

89 3782 90 3785 ,
207 3732 278 3786 13.
314 3736 590 3800 rupturus
626 3735 721 3801 (st.
738 3736 1150 3802 perrupturus3
1186 3732 1283 3788 ab·

145 3814 293 3888 solut)
327 3819 392 3872 ni
428 3819 530 3874 wie
566 3820 612 3887 Ι,
650 3824 717 3876 17
752 3835 1002 3887 ausuros,
1038 3819 1177 3885 nisi3
1215 3823 1284 3876 36

143 3902 228 3958 si.
250 3906 614 3963 .invasurus.

208 4014 281 4068 15.
316 4013 515 4070 oblitus
550 4016 655 4085 vgl.
691 4016 760 4072 K.
801 4019 868 4073 13
902 4020 1187 4074 contectus.

208 4120 281 4173 17.
316 4119 667 4190 Inguiomero
716 4121 911 4176 Oheim
962 4121 1059 4177 des
1106 4121 1279 4181 Armi·

148 4202 252 4260 nius
299 4207 341 4276 1,
378 4209 464 4265 60.
517 4237 585 4248 —
633 4209 892 4278 effuqium
938 4209 1091 4267 dedit
1140 4209 1283 4265 auch

149 4289 260 4350 hist.
291 4296 335 4369 1,
370 4299 455 4352 43.

1465 2904 1550 2959 18.
1579 2900 1825 2969 passim.-
1863 2900 1937 2970 ‚in
1963 2897 2190 2954 Masse‘.
2244 2899 2308 2952 In
2332 2898 2429 2953 der
2447 2898 2551 2954 Be-

1390 2988 1637 3058 deutung
1699 2987 2109 3059 ,allenthalben‘
2171 2986 2304 3044 hist.
2364 2988 2461 3056 IV,
2520 2990 2545 3041 1

1378 3078 1592 3147 passim
1640 3077 1953 3145 trucidatis,
2008 3081 2072 3131 ut
2122 3091 2380 3145 quemque
2429 3076 2551 3144 fors

1388 3166 1674 3222 obtulerat.

1460 3275 1550 3330 21.
1584 3270 1728 3326 nisi.-
1765 3269 2258 3340 ‚hinaufklettern‘.

1459 3382 1548 3434 22.
1619 3377 1880 3447 adflixere
1984 3377 2230 3434 absolut:
2340 3377 2548 3446 ‚dahiu-

1390 3465 1687 3522 strecken‘.

1459 3625 1557 3696 18,
1593 3629 1644 3682 3.
1703 3625 1935 3694 repertis
1972 3667 1986 3682 .
2011 3666 2024 3682 .
2065 3624 2274 3681 catenis
2327 3626 2435 3695 vgl.
2478 3644 2549 3682 zu

1391 3714 1435 3783 1,
1474 3716 1544 3768 35
1580 3713 1792 3769 addite.

1461 3823 1514 3878 4.
1551 3824 1615 3873 ut
1650 3837 1750 3874 zur
1766 3819 2120 3890 Einfuhrung
2133 3821 2287 3876 einer
2304 3820 2549 3875 fremden

1392 3909 1628 3964 Ansicht
1664 3909 1750 3964 als
1790 3908 2009 3974 Grund3
2047 3908 2156 3979 vgl.
2192 3910 2238 3979 Ι,
2264 3911 2332 3963 35
2370 3908 2548 3978 quasi.

1461 4018 1512 4071 5.
1555 4014 1809 4070 Tiberius
1862 4014 2047 4072 wurde
2102 4014 2187 4072 als
2246 4016 2550 4083 imperator

1387 4104 1662 4175 begrusst,
1672 4104 1795 4161 weil
1806 4104 2159 4160 Germanicus
2175 4111 2339 4160 unter
2350 4103 2549 4159 dessen

1389 4193 1688 4262 Auspicien
1725 4193 2004 4251 handelte.

1457 4302 1507 4352 6.
1543 4313 1716 4368 ayqer
1735 4316 1754 4352 .·
1789 4297 2087 4366 Erdhugel.
