2992 4825
439 215 522 278 20
1182 226 1360 283 Taciti
1396 226 1657 296 Agricola
1694 243 1741 283 c.
1777 230 2007 284 28—30.

336 386 397 434 15
441 387 633 450 usquc
681 368 878 452 ripam
925 369 1274 435 mutatione
1318 370 1664 435 ementium
1702 369 2013 436 adductos
2043 368 2346 437 indicium
2378 370 2540 436 tanti
2572 388 2773 436 casus

336 2078 393 2122 15}

328 3347 393 3395 111

437 474 792 541 illustravit.

617 586 714 648 29.
771 580 957 646 Initio
1005 581 1269 646 aestatis
1317 581 1611 662 Agricola
1659 581 2000 647 domestico
2046 583 2305 647 vulnere
2349 582 2530 662 ictus,
2592 600 2770 648 anno

433 694 577 750 aute
625 691 842 751 natum
889 684 1084 751 filium
1131 687 1370 779 amisit:
1435 704 1624 768 quem
1670 705 1887 753 casum
1933 706 2139 770 neque
2183 694 2258 753 ut
2302 687 2589 770 plerique
2634 687 2770 752 for-

433 794 589 854 tium
649 792 923 858 virorum
978 791 1338 871 ambitiose,
1400 810 1606 874 neque
1650 810 1767 874 per
1810 793 2088 858 lamenta
2134 811 2355 859 rursus
2401 812 2476 859 ac
2522 811 2769 859 maero-

437 918 565 962 rem
629 898 1015 963 muliebriter
1061 898 1226 963 tulit.
1317 898 1401 962 Et
1444 898 1513 962 in
1558 897 1731 963 luctu
1776 897 2012 964 bellum
2060 900 2225 964 inter
2269 900 2546 965 remedia
2591 904 2765 964 erat:

437 1006 629 1086 igitur
673 1004 1021 1086 praemissa
1065 1003 1288 1083 classe,
1347 1021 1512 1084 quae
1572 1003 1860 1085 pluribus
1906 1005 2061 1069 locis
2106 1006 2414 1087 praedata
2460 1023 2765 1088 magnum

433 1118 497 1174 et.
545 1110 846 1174 incertum
893 1114 1200 1174 terrorem
1245 1106 1498 1190 faceret,
1556 1108 1847 1191 expedito
1895 1109 2194 1189 exercitu,
2244 1110 2343 1175 cui
2391 1129 2467 1175 ex
2511 1110 2765 1175 Britan·

437 1222 529 1278 nis
581 1214 949 1280 fortissimos
985 1196 1061 1279 'et
1105 1215 1291 1294 longa
1337 1232 1494 1296 pace
1542 1213 1903 1296 exploratos
1951 1214 2304 1295 addiderat,
2356 1215 2438 1280 ad
2479 1221 2763 1280 montem

437 1322 782 1402 Graupium
828 1318 1134 1401 pervenit,
1182 1336 1370 1401 quem
1418 1320 1546 1384 iam
1592 1320 1795 1385 hostis
1839 1320 2185 1387 insederat.
2264 1320 2423 1386 Nam
2470 1320 2764 1385 Britanni

437 1430 585 1490 nihil
649 1426 828 1490 fracti
893 1443 1146 1507 pugnae
1206 1425 1434 1506 prioris
1496 1430 1730 1491 eventu
1792 1431 1859 1491 et
1913 1426 2213 1492 ultionem
2276 1433 2390 1492 aut
2434 1427 2759 1492 servitium

433 1536 898 1612 ffiwectanteS,
959 1531 1345 1613 tandemque
1400 1530 1571 1597 docti
1629 1549 1958 1596 commune
2014 1533 2363 1615 periculum
2425 1533 2764 1599 concordia

433 1637 955 1718 propulsandum,
1033 1635 1457 1718 legationibus
1528 1640 1592 1701 et
1654 1635 2015 1703 foederibus
2084 1638 2361 1704 omnium
2433 1638 2758 1705 civitatum

437 1746 597 1806 vires
649 1743 1023 1808 exciverant.
1098 1743 1357 1824 Iamque
1403 1760 1593 1824 super
1639 1743 1904 1825 triginta
1950 1744 2125 1809 milia
2168 1750 2559 1811 armatorum
2592 1745 2761 1826 aspi-

433 1850 785 1929 cielmntur‚
850 1853 918 1913 et
972 1847 1178 1914 adhuc
1221 1846 1545 1914 adfluebat
1591 1850 1795 1915 omnis
1841 1850 2134 1915 iuventus
2182 1857 2246 1915 et
2291 1850 2518 1931 quibus
2566 1852 2763 1915 cruda

433 1974 505 2018 ac
561 1953 777 2018 viridis
831 1959 1154 2033 senectuS,
1211 1952 1366 2018 clari
1423 1953 1591 2020 bello
1640 1959 1704 2020 et
1750 1972 1869 2019 sua
1913 1955 2178 2038 quisque
2223 1956 2459 2021 decora
2503 1961 2761 2038 gestan·

437 2074 549 2138 tea,
601 2078 738 2126 cum
784 2060 953 2124 inter
995 2060 1211 2142 plures
1258 2059 1451 2124 duces
1497 2059 1732 2125 virtute
1780 2064 1844 2127 et
1883 2079 2110 2143 genere
2140 2066 2476 2143 praestans
2506 2062 2763 2126 nomine

433 2166 738 2246 Calgacus
797 2165 966 2246 apud
1031 2169 1420 2232 contractam
1485 2164 1952 2231 multitudinem
2016 2166 2327 2248 proelium
2390 2173 2759 2249 poscentem

433 2274 493 2334 iu
545 2274 709 2336 hunc
754 2271 1010 2336 modum
1056 2270 1306 2337 locutus
1353 2269 1585 2338 ferturt

613 2382 709 2443 30.
790 2376 1131 2457 „Quotiens
1195 2393 1419 2442 causas
1484 2374 1632 2443 belli
1698 2380 1763 2443 et
1824 2378 2260 2444 necessitatem
2328 2385 2608 2445 nostram
2666 2378 2760 2444 in-

433 2494 629 2563 tueor,
681 2501 949 2565 magnus
996 2482 1145 2548 mihi
1193 2483 1443 2548 animus
1489 2487 1589 2548 est
1634 2482 2007 2548 hodiernum
2055 2485 2219 2550 diem
2266 2502 2761 2566 consensumque

437 2599 707 2655 vestrum
763 2589 1013 2655 initium
1067 2588 1380 2656 libertatis
1441 2589 1564 2655 toti
1609 2588 1977 2655 Britanniae
2030 2588 2183 2657 fore.
2279 2590 2442 2656 Nam
2498 2595 2563 2656 et
2624 2590 2762 2655 uni·

433 2699 593 2759 versi.
661 2695 982 2760 servitutis
1046 2701 1337 2777 expertes
1396 2700 1465 2760 et
1531 2693 1742 2760 nullae
1806 2696 1977 2760 ultra
2035 2700 2246 2761 terrae
2306 2714 2383 2762 ac
2444 2714 2523 2761 ne
2587 2714 2761 2761 mare

433 2803 681 2879 quidem
726 2817 1018 2866 securum
1064 2799 1432 2865 imminente
1476 2799 1659 2866 nobis
1707 2799 1912 2866 classe
1957 2800 2269 2868 Romana:
2314 2802 2408 2867 ita
2450 2800 2759 2884 proelium

433 2911 621 2987 atque
669 2922 863 2986 arma,
912 2923 1077 2987 quae
1119 2904 1387 2971 fortibus
1434 2903 1719 2985 honesta,
1777 2905 1997 2972 eadem
2044 2906 2238 2971 etiam
2285 2907 2531 2987 ignavis
2577 2907 2761 2973 tutis-

433 3015 589 3075 sima
645 3016 810 3079 sunt.
902 3011 1154 3077 Priores
1210 3028 1488 3093 pugnae,
1532 3009 1781 3092 quibus
1837 3011 2143 3077 adversus
2203 3011 2521 3078 Romanos
2583 3013 2760 3078 varia

433 3119 685 3183 fortuna
739 3120 1052 3183 certatum
1108 3121 1232 3197 est,
1289 3134 1466 3198 spem
1523 3134 1598 3182 ac
1651 3115 2003 3182 subsidium
2059 3117 2124 3182 in
2186 3117 2422 3183 nostris
2468 3116 2761 3184 manibus

433 3223 777 3303 habebant,
843 3223 994 3304 quia
1049 3220 1422 3289 nobilissimi
1486 3221 1686 3288 totius
1746 3221 2140 3302 Britanniae,
2214 3240 2415 3305 eoque
2477 3224 2544 3288 in
2604 3223 2759 3305 ipsis

433 3327 864 3409 penetralibus
911 3327 1018 3393 siti
1061 3345 1180 3393 nec
1226 3327 1633 3393 servientium
1667 3327 1887 3393 littora
1918 3328 2313 3410 aspicientes,
2361 3328 2574 3394 oculos
2606 3346 2758 3409 quo·

429 3455 549 3515 que
597 3455 633 3499 a
681 3438 981 3500 contactu
1028 3433 1473 3499 dominationis
1519 3432 1858 3500 inviolatos
1902 3432 2311 3499 habebamus.
2380 3432 2510 3499 Nos
2557 3440 2758 3498 terra-

433 3559 565 3603 rum
641 3558 714 3605 ac
780 3539 1096 3605 libertatis
1161 3547 1475 3605 extremos
1533 3556 1820 3604 recessus
1875 3540 2009 3620 ipse
2064 3558 2140 3606 ac
2200 3540 2376 3604 sinus
2431 3537 2638 3605 famae
2693 3540 2758 3604 in

433 3647 597 3707 hunc.
657 3644 824 3711 diem
879 3643 1174 3724 defendit,
1233 3650 1426 3726 atque
1484 3663 1669 3710 omne
1724 3644 2013 3728 ignotum
2067 3663 2184 3726 pro
2248 3642 2581 3727 magnifico
2642 3650 2756 3710 est.

429 3751 553 3815 Sed
613 3767 777 3815 nunc
837 3750 1144 3815 terminus
1199 3749 1570 3815 Britanniae
1632 3755 1847 3832 patet:
1919 3749 2096 3815 nulla
2159 3751 2287 3815 iam
2329 3749 2519 3845 ‚ultra
2581 3768 2753 3833 gens,

361 3871 381 3919 ῑ
433 3855 581 3919 nihil
631 3855 749 3920 nisi
793 3852 1024 3921 fluctus
1071 3860 1136 3921 et
1179 3874 1350 3936 saxa,
1398 3861 1462 3921 et
1509 3854 1864 3922 infestiores
1894 3855 2183 3939 Romani,
2230 3873 2497 3937 quorum
2539 3873 2754 3938 super-

429 3963 597 4023 biam
645 3959 884 4027 frustra
927 3980 1044 4043 per
1089 3962 1459 4045 obsequium
1507 3981 1581 4027 ac
1625 3962 2002 4028 modestiam
2048 3960 2365 4044 effugeris.
2445 3961 2755 4044 Raptores

429 4071 613 4147 orbis,
669 4072 1004 4149 postquam
1051 4074 1279 4135 cuncta
1325 4068 1727 4134 vastantibus
1765 4067 2021 4134 defuere
2052 4075 2280 4149 terrae,
2328 4068 2456 4132 iam
2490 4072 2557 4133 et
2588 4086 2755 4132 mare

429 4176 833 4252 scs-utanturJ
878 4175 932 4238 si
985 4173 1264 4256 locuples
1320 4173 1523 4240 hostis
1572 4179 1689 4251 est,
1747 4174 1939 4255 avari,
1998 4174 2053 4239 si
2098 4191 2359 4255 pauper,
2419 4173 2749 4252 ambitiosi,

426 4299 581 4359 quos
637 4295 764 4344 uon
809 4277 1053 4361 OrienS,
1111 4299 1234 4347 non
1285 4279 1595 4347 Occidens
1653 4279 1998 4347 satiaverit.
2093 4280 2225 4347 Soli
2280 4279 2559 4345 omnium
2604 4296 2750 4360 opes
