2992 4825
253 290 332 349 14
1000 305 1175 360 Taciti
1213 304 1469 374 Agricola
1506 321 1553 360 c.
1598 307 1819 361 15—16.

252 445 417 513 facili
465 445 885 513 tolerantibus
930 447 1336 528 imperentur.
1429 446 1716 528 Singulos
1762 448 1881 513 sibi
1938 448 2087 513 olim
2131 466 2316 529 reges
2364 446 2578 526 fuisse,

144 561 172 609 ἴ]
248 573 413 617 nunc
465 553 641 617 binos
686 552 941 634 imponi,
999 570 1034 617 e
1079 553 1305 634 quibus
1351 552 1605 636 legatus
1651 555 1714 618 in
1760 554 2150 635 sanguinem,
2208 558 2581 636 procurator

252 661 312 721 in
361 659 525 721 buna
573 657 865 725 saeviret.
943 659 1159 740 Aeque
1206 658 1591 725 discordiam
1633 659 2152 741 praepositorum,
2198 677 2399 740 aeque
2431 677 2581 727 con-

252 765 533 829 cordiam
585 764 879 830 subiectis
925 763 1286 843 exitiosam3
1352 764 1619 831 alterius
1665 782 1891 829 manus
1938 765 2360 844 centurioneS,
2417 765 2580 831 alte·

252 869 381 933 rius
433 889 645 933 scrrns
690 869 816 934 vim
863 874 932 934 et
977 868 1390 935 contumelias
1435 870 1723 936 miscere.
1816 868 1989 934 Nihil
2048 870 2175 935 iam
2221 869 2580 952 cupiditati,

256 973 409 1037 nihil
461 974 699 1039 libidini
745 980 1101 1056 exceptum.
1196 976 1268 1039 In
1325 975 1566 1057 proelio
1612 973 1941 1041 fortiorem
1985 992 2126 1041 esse
2170 976 2280 1058 qui
2325 973 2581 1058 spoliet:

156 1089 216 1137 υ]
256 1101 421 1145 nuuc
469 1081 549 1145 ab
601 1080 841 1161 ignavis
885 1081 1254 1161 plerumque
1300 1086 1367 1146 et
1409 1078 1767 1145 imbellibus
1813 1081 1972 1162 eripi
2014 1080 2249 1163 domos»,
2297 1080 2585 1147 abstrahi

256 1189 501 1265 libet-na,
553 1186 793 1269 iniungi
838 1186 1124 1267 dilectu8‚
1180 1190 1509 1267 tamquam
1557 1186 1718 1252 mori
1764 1190 2011 1251 tantum
2059 1204 2173 1269 pro
2219 1187 2429 1269 patria
2471 1204 2583 1253 ne-

256 1293 613 1357 scientibus..
692 1291 1083 1371 Quantulum
1131 1292 1296 1357 enim
1343 1290 1651 1357 transisse
1697 1290 1987 1372 militum,
2035 1292 2091 1358 si
2122 1310 2263 1358 sese
2294 1291 2586 1358 Britanni

256 1401 633 1461 mutuarent?
718 1395 820 1461 Sic
878 1395 1254 1462 Germanias
1299 1398 1647 1462 excussisse
1692 1397 1939 1480 iugum:
2007 1402 2073 1463 et
2134 1395 2392 1464 flumine
2455 1415 2586 1463 non

260 1505 513 1569 oceano
565 1501 835 1569 defendi.
910 1500 1048 1568 Sibi
1086 1502 1362 1585 patriam
1395 1501 1694 1583 coniuges
1726 1508 2044 1585 parentes,
2091 1504 2215 1569 illis
2251 1503 2585 1569 avaritiam

156 1617 220 1665 15
260 1613 324 1673 et
377 1609 683 1673 luxuriam
729 1626 955 1674 causas
1000 1608 1150 1675 belli
1185 1625 1355 1674 esse:
1404 1625 1787 1690 recessuros,
1835 1612 1905 1673 ut
1934 1608 2118 1674 divus
2149 1609 2346 1674 Iulius
2377 1627 2588 1675 reces-

260 1713 469 1793 sisset,
529 1713 709 1779 modo
767 1713 1066 1779 virtutem
1129 1714 1435 1779 maiorum
1496 1730 1753 1779 suorum
1816 1713 2305 1781 aemularentur.
2413 1713 2586 1780 Neve

264 1821 481 1901 proelii
521 1825 700 1885 utrius
732 1824 845 1885 aut
876 1819 1142 1885 alterius
1174 1825 1406 1885 eventu
1436 1825 1875 1901 pavescerent:
1923 1819 2066 1903 plus
2110 1819 2254 1885 illis
2291 1821 2585 1902 impetuS,

263 1925 557 1989 maiorem
629 1926 1045 1991 constantiam
1109 1944 1306 2009 penes
1369 1926 1630 1991 miseros
1687 1943 1846 1991 esse.
1946 1926 2079 1991 Iam
2135 1925 2588 1992 Britannorum

260 2033 449 2093 stiam
501 2033 649 2097 [less
696 2032 1001 2110 misereri,
1050 2032 1156 2113 qui
1204 2030 1555 2095 Romanum
1604 2030 1824 2097 ducem
1871 2031 2218 2109 absentem,
2273 2031 2384 2111 qui
2428 2031 2588 2097 rele-

156 2141 224 2193 ΞΗ
264 2145 477 2217 garum
541 2141 599 2201 111
661 2136 784 2201 alia
835 2136 1042 2201 insula
1100 2137 1445 2225 exercitum
1519 2136 1906 2217 detinerent;
1969 2136 2095 2201 iam
2158 2137 2357 2217 ipsos,
2421 2136 2590 2219 quod

264 2241 691 2306 diffirillimum
737 2240 956 2323 fuerit,
1015 2242 1390 2308 deliberare:
1453 2259 1642 2324 porro
1689 2242 1756 2307 in
1801 2241 2109 2308 eiusmodi
2157 2242 2434 2308 consiliis
2481 2261 2590 2324 pe-

264 2349 589 2413 riculnsilffi
641 2366 780 2414 esse
826 2347 1209 2431 deprehendi
1255 2365 1444 2430 quam
1492 2347 1745 2414 audere.

449 2461 541 2517 11¹..
601 2453 713 2520 His
761 2459 953 2536 atque
998 2455 1230 2522 talibus
1277 2455 1547 2520 invicem
1592 2454 1908 2536 instincti,
1975 2453 2296 2520 Boudicca
2340 2455 2589 2536 generis

268 2566 413 2642 regii
477 2562 706 2626 famina
762 2560 918 2626 duce
984 2559 1217 2648 (neque
1281 2560 1448 2626 enim
1495 2578 1713 2626 sexum
1760 2560 1823 2624 in
1871 2560 2150 2641 imperiis
2196 2559 2589 2642 discernunt)

264 2686 585 2746 sumpsere
637 2666 912 2733 universi
959 2666 1220 2745 bellum;
1269 2684 1344 2731 ac
1389 2682 1645 2747 sparsos
1690 2683 1809 2747 per
1855 2665 2117 2731 castella
2163 2665 2397 2732 milites
2446 2684 2591 2732 con-

264 2774 505 2846 scerati,
557 2774 927 2854 expugnatis
974 2772 1302 2854 praesidiis
1348 2773 1554 2853 ipsam
1602 2770 1910 2837 coloniam
1953 2772 2242 2837 invasere
2272 2776 2345 2837 ut
2375 2772 2591 2838 sedem

156 2882 188 2930 5
264 2882 613 2954 servitutis,
677 2897 790 2944 nec
844 2878 1037 2944 ullum
1086 2879 1152 2943 in
1197 2877 1483 2943 barbaris
1531 2876 1838 2942 saevitiae
1884 2894 2085 2959 genus
2131 2877 2342 2943 omisit
2384 2877 2483 2943 ira
2527 2883 2592 2943 et

268 2990 549 3050 vistai-ia.
645 2983 826 3062 Quod
874 2985 996 3051 nisi
1041 2983 1338 3048 Paulinus
1389 2984 1638 3065 cognito
1684 2983 2047 3066 provinciae
2092 2988 2268 3049 motu
2324 3001 2593 3066 propere

264 3094 677 3170 subvenissnt,
725 3091 958 3156 amissa
988 3090 1324 3154 Britannia
1368 3087 1558 3167 foret3
1607 3106 1798 3170 quam
1843 3089 2031 3154 unius
2076 3089 2300 3170 proelii
2337 3087 2594 3155 fortuna

268 3198 465 3262 veteri
517 3197 859 3278 patientiae
904 3195 1204 3274 restituit,
1252 3194 1616 3260 tenentibus
1661 3211 1841 3259 arma
1872 3193 2208 3276 plerisque,
2258 3212 2415 3276 quos
2452 3213 2593 3261 con-

268 3306 529 3366 scientia
597 3301 963 3368 defectionis
1025 3305 1089 3366 et
1142 3301 1395 3383 propius
1454 3318 1531 3365 ex
1586 3299 1799 3380 legato
1853 3299 2044 3366 timor
2105 3301 2423 3383 agitabat,
2494 3319 2592 3380 ne,

168 3414 228 3462 11]
268 3429 649 3490 quamquam
708 3409 1000 3490 egregius
1057 3413 1283 3487 cetera,
1343 3407 1730 3489 adroganter
1784 3406 1849 3471 in
1908 3405 2158 3472 deditos
2214 3411 2281 3471 et
2326 3411 2397 3471 ut
2441 3424 2596 3473 suae

268 3518 565 3594 cuimqun
621 3514 886 3578 iniuriae
942 3514 1111 3579 ultor
1175 3513 1391 3579 durius
1454 3512 1832 3578 consuleret.
1934 3511 2166 3578 Missus
2228 3512 2426 3595 igitur
2480 3511 2595 3578 Pe-

268 3622 509 3682 tronius
577 3617 983 3702 Turpilianus
1046 3624 1373 3698 tamquam
1449 3617 1823 3683 exorabilior
1883 3619 1949 3682 et
2013 3617 2259 3683 delictis
2320 3616 2594 3684 hostium

272 3746 465 3790 atavus
517 3743 717 3806 [esque
748 3725 1180 3807 paenitentiae
1214 3724 1445 3804 mitior,
1493 3723 1858 3805 compositis
1888 3723 2204 3804 prioribus
2235 3722 2395 3789 nihil
2426 3723 2597 3789 ultra

268 3850 461 3894 ausus
497 3829 809 3896 Trebellio
841 3830 1114 3895 Maximo
1146 3830 1532 3912 provinciam
1580 3828 1866 3894 tradidit.
1943 3827 2295 3895 Trebellius
2343 3829 2597 3912 segnior

172 3946 228 3998 ιε’]
272 3946 336 4002 st
405 3938 589 3998 nullis
657 3941 1007 4003 castrorum
1080 3935 1549 4017 experimenda,
1622 3933 1919 4001 comitate
1985 3934 2261 4015 quadam
2329 3935 2596 4001 curandi

268 4046 661 4126 provinciam
706 4042 927 4107 tenuit.
1007 4041 1299 4108 Didicere
1342 4041 1468 4106 iam
1503 4039 1759 4107 barbari
1790 4057 2039 4121 quoque
2070 4041 2398 4121 ignoscere
2428 4041 2597 4107 vitiis

272 4148 756 4228 blandientibus
804 4153 868 4213 et
910 4148 1307 4214 interventus
1355 4146 1629 4213 civilium
1675 4163 1997 4211 armorum
2040 4147 2336 4227 praebuit
2364 4147 2597 4212 iustam

276 4254 585 4334 angustias
645 4253 1145 4320 excusationem:
1205 4253 1318 4318 sed
1373 4252 1688 4317 discordia
1743 4249 2127 4332 laboratum,
2184 4269 2326 4317 cum
2373 4252 2597 4317 adsue-

276 4366 381 4426 tus
437 4359 939 4442 expeditionibus
1009 4359 1184 4425 miles
1244 4359 1372 4425 otio
1429 4357 1764 4423 lasciviret.
1856 4353 2236 4437 Trebellius,
2304 4355 2458 4440 fuga
2523 4375 2601 4423 ac

2221 4539 2264 4590 θ
