2992 4825
965 308 1135 363 Liber
1171 307 1242 362 11.
1304 307 1437 378 Cap.
1473 309 1565 365 84.
1600 307 1691 363 85.

2419 297 2541 359 153

77 448 404 526 testarum
476 466 569 514 ae
629 452 900 514 mortem
967 449 1050 516 ob
1112 468 1246 515 rem
1316 448 1635 533 publicam
1703 447 1930 517 obisse.
2035 448 2438 531 sepulchrum

77 551 492 633 mtiochiae,
574 552 681 619 ubi
737 558 1071 634 crematuS,
1141 554 1421 620 tribunal
1479 552 1916 636 Epidaphnae,
1984 571 2108 635 quo
2172 555 2237 620 in
2295 554 2435 621 loco

77 655 254 722 itam
318 655 633 724 finierat.
726 663 1084 725 statuarum
1140 659 1505 727 locorumve
1566 660 1634 724 in
1693 660 1832 742 quis
1891 658 2202 726 coleretur
2265 659 2436 726 haud
2475 683 2545 735 10

77 761 237 827 ‘acile
309 764 482 845 quis
550 781 885 830 numerum
928 765 1158 833 inierit.
1251 784 1395 831 cum
1440 771 1811 840 censeretur
1870 763 2111 847 clipeus
2170 784 2325 831 auro
2373 770 2438 831 et

77 868 544 949 nagnitudine
606 870 872 953 insignis
939 871 1108 937 inter
1177 878 1473 937 auctores
1538 870 1969 953 eloquentiae,
2040 871 2441 939 adseveravit

77 972 363 1039 l'iberius
421 975 700 1041 solitum
746 978 1089 1059 paremque
1135 977 1362 1043 ceteris
1407 976 1799 1042 dicaturum:
1846 994 2051 1059 neque
2098 977 2267 1043 enim
2311 978 2438 1043 elo-

77 1080 408 1161 1uentiam
482 1080 748 1147 fortuna
807 1082 1103 1162 discerni,
1170 1087 1237 1147 et
1291 1083 1449 1149 satis
1508 1082 1797 1164 inlustre,
1859 1083 1914 1147 si
1971 1091 2221 1149 veteres
2273 1082 2440 1149 inter

77 1185 431 1268 scriptores
487 1186 863 1255 haberetur.
954 1193 1251 1270 equester
1296 1188 1452 1255 ordo
1501 1206 1770 1254 cuneum
1816 1187 2175 1254 Germanici
2220 1188 2436 1273 appel·
2477 1209 2542 1262 15

77 1291 220 1357 lavit
287 1292 415 1374 qui
490 1293 818 1359 iuniorum
878 1292 1226 1375 dicebatur,
1295 1294 1702 1377 instituitque
1763 1294 1861 1359 uti
1919 1300 2168 1360 turmae
2229 1294 2438 1359 idibus

77 1395 240 1462 iuliis
290 1397 675 1479 imaginem
720 1400 855 1464 eius
899 1404 1334 1482 sequerentur.
1426 1400 1733 1482 pleraque
1777 1403 2067 1466 manent:
2124 1401 2439 1482 quaedam

77 1503 294 1568 statim
345 1504 611 1570 omissa
655 1509 804 1570 sunt
848 1511 962 1570 aut
1005 1511 1292 1571 vetustas
1339 1505 1722 1573 obliteravit.

251 1612 370 1676 84.
427 1608 741 1675 Ceterum
770 1611 1015 1676 recenti
1042 1610 1251 1676 adhuc
1283 1611 1608 1677 maestitia
1637 1627 1822 1675 soror
1851 1608 2211 1677 Germanici
2236 1609 2435 1692 Livia,

80 1720 279 1795 nupta
329 1715 589 1797 Druso,
656 1714 812 1781 duos
859 1715 1059 1780 virilis
1105 1733 1291 1781 sexus
1337 1715 1524 1782 simul
1570 1715 1755 1782 enixa
1801 1722 1917 1783 est.
2009 1717 2176 1799 quod
2221 1734 2438 1781 rarum

83 1818 470 1902 laetumque
542 1821 739 1888 etiam
807 1821 1067 1887 modicis
1127 1822 1469 1904 penatibus
1540 1826 1723 1888 tanto
1792 1821 2025 1904 gaudio
2092 1822 2437 1904 principem

90 1924 338 2006 adfecit,
409 1931 498 1992 ut
542 1945 673 1992 non
719 1928 1175 2010 temperaverit
1230 1929 1383 2010 quin
1428 1929 1702 1994 iactaret
1755 1928 1925 2011 apud
1984 1932 2219 2009 patreS,
2283 1926 2440 1992 nulli

97 2036 232 2098 ante
259 2032 719 2099 Romanorum
767 2033 1051 2098 eiusdem
1080 2031 1318 2117 fastigii
1352 2035 1487 2099 viro
1520 2035 1840 2117 geminam
1872 2035 2134 2117 stirpem
2164 2033 2435 2114 editam;
2473 2052 2506 2105 5

102 2155 237 2201 nam
283 2143 556 2220 cuncta,
616 2138 811 2203 etiam
855 2138 1139 2218 fortuita,
1205 2140 1287 2204 ad
1332 2139 1600 2220 gloriam
1646 2139 1956 2205 vertebat.
2046 2137 2160 2204 sed
2203 2122 2438 2221 populo

104 2243 208 2307 tali
248 2242 314 2307 in
361 2246 669 2326 tempore
702 2244 768 2309 id
798 2261 1052 2336 quoque
1084 2242 1365 2310 dolorem
1396 2244 1564 2324 tulit,
1613 2248 1940 2326 tamquam
1969 2250 2192 2310 auctus
2222 2244 2439 2311 liberis

109 2347 345 2414 Drusus
393 2349 663 2417 domum
713 2348 1075 2416 Germanici
1121 2349 1326 2435 magis
1372 2355 1698 2433 urgueret.

278 2457 379 2522 85.
457 2453 705 2519 Eodem
751 2473 919 2521 anno
966 2455 1266 2538 gravibus
1314 2460 1574 2520 senatus
1621 2456 1894 2521 decretis
1939 2453 2134 2522 libido
2177 2453 2438 2521 femina-

111 2573 240 2622 rum
282 2561 573 2626 coercita
605 2564 1005 2643 cautumque,
1055 2579 1135 2626 ne
1180 2566 1515 2643 quaestum
1547 2578 1806 2644 corpore
1851 2559 2089 2626 faceret
2135 2560 2237 2626 cui
2282 2578 2438 2626 avus

118 2667 219 2728 aut
268 2669 462 2746 pater
533 2672 647 2731 aut
701 2666 971 2732 maritus
1028 2683 1219 2747 eques
1271 2664 1597 2731 Romanus
1650 2664 1891 2732 fuisset.
1984 2682 2133 2729 nam
2187 2664 2440 2731 Vistilia

177 2875 227 2931 8.
260 2876 615 2944 sepulchrum
628 2895 645 2929 .·
668 2874 1277 2943 Grabdenkxnal,aesvo-

121 2976 331 3028 ταφιον.

182 3051 228 3107 9.
263 3051 548 3109 tribunal.-
585 3052 674 3108 ein
708 3050 995 3110 Katafalk.
1033 3081 1102 3090 —-
1136 3051 1279 3120 Epi-

125 3133 323 3203 daphne
359 3142 486 3196 eine
507 3140 779 3196 Vorstadt
801 3156 906 3195 von
930 3138 1278 3195 Antiochien.

188 3227 264 3278 11.
316 3233 632 3283 censeretur
679 3227 883 3296 clipeus
929 3226 1037 3296 vgl.
1074 3227 1172 3296 111,
1209 3228 1279 3281 57

126 3310 224 3364 und
257 3316 325 3368 72
361 3316 613 3386 effigiem,
650 3315 747 3383 IV,
768 3318 837 3371 74
873 3331 1033 3370 wram
1054 3329 1281 3373 censere.

132 3423 190 3434 —
221 3398 451 3469 clipeus.-
501 3403 822 3473 Medaillon,
860 3404 916 3458 in
953 3404 1051 3459 der
1085 3402 1280 3472 palati-

130 3483 337 3544 nischen
373 3491 693 3548 Bibliothek
727 3491 797 3550 Κ.
835 3495 921 3547 37.

198 3577 273 3630 12.
317 3572 653 3649 eloquentiae
705 3578 813 3649 vgl.
865 3579 1012 3634 Suet.
1063 3577 1179 3634 Cal.
1226 3580 1278 3645 3,

137 3673 207 3714 wo
250 3664 366 3721 sein
404 3666 808 3728 Rednertalent
856 3666 1114 3735 gernhmt
1165 3665 1279 3720 und

137 3745 236 3801 ihm
278 3754 420 3809 auch
457 3755 806 3823 griechische
842 3753 1149 3810 Komodien
1184 3770 1278 3809 zu·

140 3837 475 3898 geschrieben
510 3842 744 3899 werden.

201 3927 281 3980 15.
332 3944 535 3986 comeus
594 3929 904 3987 besondere
959 3928 1152 3985 Platae
1209 3930 1284 3984 im

147 4003 362 4070 Theater
411 4017 504 4072 fur
554 4018 641 4073 die
680 4017 987 4072 Senatoren
1034 4017 1148 4072 und
1195 4016 1284 4072 fur

148 4090 220 4149 die
236 4097 427 4172 Ritter,
452 4105 541 4160 bei
566 4104 838 4160 letzteren
864 4104 1283 4161 unterschieden

152 4178 199 4235 in
231 4184 309 4243 die
343 4190 436 4247 der
471 4191 717 4247 iwniores
753 4191 868 4246 und
904 4190 1003 4248 der
1027 4192 1283 4248 seniores.

213 4273 285 4329 16.
318 4276 501 4334 idibus
529 4279 716 4348 Iuliis,
752 4295 826 4335 an
849 4279 1113 4337 welchem
1135 4281 1286 4349 Tage

1384 2875 1546 2931 einen
1569 2875 1808 2943 Festzug
1833 2872 2139 2944 (travectio)
2165 2873 2387 2930 hielten.
2422 2874 2526 2929 Liv

1380 2962 1478 3031 IX,
1515 2964 1601 3018 46.

1385 3120 1526 3193 zap.
1563 3118 1652 3178 84.
1690 3117 2152 3192 'zvffllngnuhne
2185 3116 2282 3179 des
2315 3118 2547 3180 Drusus.

1452 3231 1509 3281 2.
1562 3225 1701 3280 duos
1759 3227 1863 3281 mit
1918 3226 1972 3282 N
1972 3241 2130 3281 amen
2185 3224 2546 3282 Germanicus

1386 3315 1505 3385 (IV,
1545 3315 1636 3381 15)
1671 3314 1782 3369 und
1817 3313 2067 3369 Tiberius
2105 3313 2223 3384 (VI,
2259 3312 2370 3384 46).

1456 3405 1508 3457 3.
1531 3401 1759 3456 modicis
1771 3401 2067 3470 penatibus
2079 3421 2098 3456 .·
2125 3401 2362 3470 weniger
2379 3401 2546 3457 hoch-

1384 3489 1646 3558 gestellte
1682 3488 1982 3553 Familien;
2019 3488 2125 3557 vgl.
2150 3489 2194 3558 Ι,
2218 3490 2287 3544 73
2321 3487 2548 3544 modicis

1384 3577 1690 3645 equitibus..
1727 3605 1795 3616 —
1843 3574 2080 3630 Penates
2113 3575 2205 3631 bei
2240 3575 2347 3631 den
2382 3576 2548 3632 nach-

1384 3666 1553 3721 klass.
1589 3663 1928 3720 Prosaikern
1975 3661 2057 3718 oft
2099 3663 2159 3719 in
2209 3663 2304 3723 der
2337 3662 2547 3719 Bedeu·

1387 3759 1528 3821 tung
1562 3752 1718 3807 Haus
1755 3751 1891 3807 oder
1927 3750 2179 3808 Familie.

1460 3845 1512 3897 7.
1547 3840 1651 3894 tali
1683 3840 1750 3894 in
1777 3844 2015 3908 tempore
2069 3839 2161 3895 bei
2197 3839 2262 3898 T.
2295 3839 2547 3908 gewohn-

1387 3928 1499 3984 lich
1543 3928 1644 3983 wie
1678 3927 1771 3982 bei
1805 3927 1995 3982 Livius
2043 3942 2150 3982 von
2198 3927 2350 3982 einer
2384 3924 2548 3981 ublen

1389 4016 1559 4086 Lage.
1580 4045 1646 4054 —
1665 4021 1863 4070 amus
1880 4015 2066 4070 liberis
2077 4034 2095 4069 .·
2114 4015 2546 4085 ,Kindersegen‘3

1389 4105 1495 4174 vgl.
1534 4106 1672 4173 Agr.
1709 4106 1742 4159 6
1779 4107 1974 4157 auctus
2005 4102 2140 4170 filia.

1461 4194 1513 4247 8.
1571 4195 1862 4262 urgueret.-
1935 4189 2418 4260 ,zurnckdrangen‘
2489 4189 2548 4244 in

1390 4278 1600 4336 betreff
1630 4279 1727 4336 der
1760 4277 2026 4335 Aussicht
2068 4277 2170 4337 auf
2213 4277 2303 4333 die
2338 4275 2550 4332 Thron-

161 4353 232 4413 die
267 4362 719 4425 Rittercenturien
764 4385 836 4424 zu
879 4368 940 4438 je
996 4372 1031 4424 6
1075 4373 1289 4424 turmae
1393 4367 1559 4437 folge.

244 4464 423 4517 Tacitus
449 4474 689 4520 Annalen.

2274 4475 2338 4525 11
