2992 4825
980 242 1149 298 Liber
1185 243 1254 299 11.
1308 243 1440 312 Gap.
1479 247 1564 299 21.
1603 246 1686 298 22.
2418 233 2534 292 101

84 384 280 451 vallo
345 386 510 452 dedit
565 387 871 469 impetum
926 388 991 453 in
1051 386 1284 466 silvas3
1354 386 1610 454 conlato
1662 385 1792 452 illic
1846 387 2046 468 gradu
2102 390 2435 453 certatum.

84 490 364 556 hostem
405 512 446 558 a
489 496 673 576 tergo
702 493 904 577 paluS,
951 492 1267 560 Romanos
1299 490 1535 559 flumen
1582 497 1697 559 aut
1741 498 1990 559 montes
2021 492 2435 559 claudebant:

85 597 401 679 utrisque
456 600 802 665 necessitas
858 599 925 663 in
966 599 1124 680 loco,
1189 617 1334 682 spes
1378 600 1445 665 in
1489 600 1748 680 virtute,
1806 598 1978 664 salus
2026 618 2102 664 ex
2146 599 2431 666 victoria.
2479 617 2544 670 15

292 707 395 770 21.
486 702 630 779 Nec,
662 704 869 769 minor
912 702 1247 769 Germanis
1292 704 1559 783 animm,
1625 705 1738 770 sed
1783 722 2015 785 genere
2074 722 2329 787 pugnae
2373 710 2440 769 et

90 825 434 873 armorum
478 809 968 891 superabantur,
1017 827 1162 875 cum
1207 809 1431 893 ingens
1462 809 1805 875 multitudo
1852 809 2012 875 artis
2058 810 2216 876 locis
2260 828 2441 891 prae·

91 913 346 995 longas
382 915 607 982 hastas
653 934 779 981 non
810 916 1241 999 protenderet,
1286 934 1414 982 non
1445 916 1791 997 colligeret,
1838 933 2040 997 neque
2085 915 2442 983 adsultibus

97 1024 160 1084 et
206 1020 565 1088 velocitate
619 1039 954 1104 corporum
1013 1026 1322 1103 uteretur,
1389 1026 1614 1088 coacta
1667 1021 1898 1088 stabile
1959 1021 2042 1087 ad
2097 1021 2443 1104 proelium3

97 1133 337 1192 contra
378 1127 580 1210 miles,
629 1128 729 1194 cui
775 1130 1024 1192 scutum
1068 1128 1312 1210 pectori
1355 1129 1729 1210 adpressum
1775 1131 1842 1193 et
1886 1116 2170 1192 insidens
2216 1127 2441 1210 capulo
2478 1150 2511 1200 5

100 1251 357 1314 manus,
387 1232 557 1300 latos
587 1233 1006 1300 barbarorum
1039 1239 1238 1315 artuS,
1286 1234 1455 1298 nuda
1485 1251 1599 1299 ora
1629 1233 1877 1301 foderet
1906 1234 2196 1316 viamque
2225 1239 2443 1316 strage

100 1338 393 1404 hostium
425 1340 724 1422 aperiret,
771 1340 1132 1423 inprompto
1176 1340 1302 1404 iarn
1337 1339 1640 1405 Armv’mio
1687 1340 1767 1407 ob
1799 1339 2095 1406 continua
2139 1339 2440 1422 pericula,

104 1444 245 1510 sive
297 1445 474 1511 illum
504 1462 729 1512 recens
776 1450 1112 1527 acceptum
1141 1444 1372 1510 vulnus
1416 1446 1804 1513 tardaverat.
1897 1446 2049 1526 quin
2098 1451 2162 1511 et
2193 1446 2443 1528 Inguio-

105 1569 378 1632 merum,
425 1555 569 1617 tota
614 1550 988 1617 volitantem
1036 1551 1186 1633 acie,
1233 1549 1492 1617 fortuna
1537 1552 1740 1634 magis
1784 1569 1975 1633 quam
2021 1552 2220 1616 virtus
2267 1551 2442 1617 dese—

110 1656 321 1723 rebat.
428 1662 495 1723 et
550 1656 969 1723 Germanicus
1025 1674 1151 1738 quo
1214 1657 1418 1738 magis
1486 1657 2005 1740 adgnosceretur,
2079 1658 2443 1723 detraxerat
2483 1681 2549 1731 10

111 1764 396 1844 tegimen
441 1764 634 1845 capiti
664 1763 1014 1845 orabatque
1059 1763 1431 1828 insisterent
1476 1764 1804 1829 caedibus:
1852 1762 1940 1827 nil
1971 1781 2128 1845 opus
2159 1764 2443 1846 captiviS,

119 1868 315 1934 solam
360 1869 843 1935 internicionem
889 1868 1099 1951 gentis
1145 1866 1333 1934 finem
1380 1868 1552 1934 bello
1599 1868 1754 1937 fore.
1848 1870 2098 1950 iamque
2145 1889 2287 1936 sero
2320 1869 2444 1934 diei

124 1976 415 2040 subducit
459 1994 537 2041 ex
582 1976 720 2040 acie
759 1974 1070 2057 legionem
1116 1972 1424 2040 faciendis
1457 1977 1717 2040 castris:
1764 1980 2017 2041 ceterae
2064 1975 2145 2040 ad
2191 1980 2442 2041 noctem

139 2098 343 2147 cruore
389 2081 667 2147 hostium
713 2080 985 2146 satiatae
1030 2086 1196 2148 sunt.
1291 2081 1537 2161 equites
1582 2080 1876 2162 ambigue
1923 2086 2264 2147 certavere.

297 2191 401 2252 22.
470 2187 775 2253 Laudatis
836 2204 951 2269 pro
1014 2187 1307 2252 contione
1372 2186 1721 2252 victoribus
1785 2184 2021 2253 Caesar
2091 2188 2445 2269 congeriem

130 2310 442 2360 armorum
488 2293 740 2373 struxit,
789 2291 1065 2376 superbo
1113 2309 1255 2357 cum
1301 2291 1527 2359 titulo:
1579 2292 1915 2359 debellatis
1959 2294 2126 2359 inter
2158 2294 2445 2360 Rhenum

134 2397 453 2483 Albimque
500 2399 864 2491 nationibus
921 2398 1269 2465 exercitum
1314 2398 1551 2465 Tiberii
1597 2397 1890 2466 Caesaris
1938 2420 2015 2466 ea
2058 2400 2446 2466 monimenta

137 2503 318 2572 Marti
360 2513 423 2573 et
452 2507 588 2579 Iovi
635 2511 699 2572 et
728 2508 1019 2586 Augusto
1050 2506 1424 2571 sacravisse.
1518 2505 1597 2571 de
1642 2525 1711 2572 se
1755 2505 1913 2571 nihil
1959 2506 2223 2589 addidit,
2271 2511 2447 2573 metu

134 2610 393 2679 invidiae
450 2632 532 2678 an
591 2617 774 2679 ratus
833 2611 1286 2678 conscientiam
1339 2611 1495 2678 facti
1556 2598 1714 2679 satis
1772 2630 1933 2681 esse.
2024 2631 2167 2680 mox
2212 2613 2446 2679 bellum
2483 2633 2515 2684 5

142 2892 319 2950 dicken
372 2896 559 2951 Steine
617 2895 879 2963 befestigt
929 2910 1075 2958 war;
1134 2893 1286 2948 diese

142 2981 610 3041 Schleudersteine
646 2983 861 3038 hiessen
898 2981 1122 3036 librilia.

202 3095 279 3147 13.
317 3090 450 3147 dare
484 3092 744 3160 impetum
780 3091 869 3146 ein
900 3089 1071 3145 durch
1098 3089 1284 3144 Livius

142 3179 576 3249 eingebfirgerter
613 3178 923 3235 Ausdruck.
962 3208 1030 3216 -
1068 3177 1286 3232 conlato

140 3269 306 3333 yradu
353 3270 496 3324 auch
542 3269 671 3323 hist.
707 3268 779 3336 11,
816 3270 915 3336 423
973 3266 1063 3321 bei
1098 3265 1284 3322 Livius

144 3357 337 3412 conlato
359 3357 534 3426 'pedet
571 3357 759 3424 ,Manu
794 3370 971 3425 gegen
1007 3354 1216 3412 Mann‘.

204 3466 282 3518 15.
315 3464 380 3518 in
417 3504 430 3519 .
456 3505 471 3518 .
508 3478 592 3531 ex,
643 3462 854 3519 welche
871 3448 1288 3516 'verschiedene

145 3549 311 3608 Verba
354 3552 482 3608 sind
530 3552 620 3607 bei
665 3551 772 3606 den
818 3549 1029 3605 versch.
1079 3549 1286 3617 Prapo-

148 3638 704 3698 sitionalausdrilcken
741 3655 813 3694 zu
850 3643 1123 3707 erganzen
1136 3638 1164 3691 ⁴?

207 3816 294 3890 21,
328 3822 379 3874 3.
414 3816 663 3886 eolla‘qere
699 3815 940 3884 gewinnt
976 3814 1048 3868 im
1075 3813 1289 3882 Gegen-

154 3914 282 3962 satze
333 3923 401 3961 zu
445 3903 775 3974 protendere
831 3903 920 3958 die
966 3900 1289 3969 Bedeutung

154 4009 242 4048 von
272 3994 535 4049 reducere.
554 4022 618 4033 —
659 3991 969 4047 adsultibus
1003 4007 1111 4046 nur
1146 3989 1288 4045 noch

119 4116 122 4125 ·
157 4078 296 4151 Verg.
334 4087 395 4138 A.
434 4083 502 4152 V,
538 4084 663 4139 442.

121 4226 122 4257 3
217 4192 262 4247 6.
291 4189 444 4244 nuda
478 4203 599 4255 ora,
634 4186 706 4242 da
741 4185 884 4242 nach
922 4184 1101 4240 Germ.
1126 4186 1160 4237 6
1195 4182 1292 4237 vix

123 4302 124 4365 }
162 4278 245 4331 uni
275 4277 490 4334 alterive
526 4275 706 4330 cassis
740 4278 842 4328 aut
873 4272 1046 4342 yalea.

1464 2894 1519 2949 8.
1551 2892 1664 2948 sive
1699 2909 1804 2949 nur
1833 2893 1908 2947 im
1932 2894 2164 2950 zweiten
2189 2894 2406 2965 Gliede3
2444 2895 2552 2966 vgl.

1393 2983 1435 3049 Ι,
1474 2983 1536 3051 6;
1573 2988 1744 3036 unten
1781 2980 1850 3035 K.
1888 2983 1974 3036 24.
2014 3009 2081 3021 —-
2132 2997 2321 3037 recens
2356 2983 2552 3039 adver·

1393 3068 1505 3125 bial
1542 3094 1612 3114 =
1639 3069 1817 3138 paulo
1866 3072 1994 3123 ante
2042 3068 2177 3124 oder
2212 3070 2386 3138 mod0,
2445 3089 2550 3127 von

1393 3157 1522 3214 Tac.
1548 3175 1671 3212 zum
1696 3159 1847 3211 Part.
1875 3156 2025 3214 Perf.
2066 3158 2178 3212 und
2201 3157 2258 3212 in
2285 3157 2387 3213 den
2413 3163 2552 3218 Ann.

1391 3246 1532 3301 auch
1568 3262 1636 3300 zu
1672 3245 1849 3313 einem
1886 3244 2149 3313 AdJektiv
2184 3246 2285 3300 mit
2322 3246 2554 3302 Partici-

1391 3333 1819 3403 pialbedeutung
1855 3332 1977 3402 (VI,
2017 3336 2086 3387 10
2119 3348 2167 3388 r.
2203 3334 2521 3388 continuam
2532 3355 2552 3403 ‚-

1393 3422 1519 3489 XII,
1555 3424 1625 3476 63
1662 3436 1711 3477 r.
1744 3420 1943 3489 fessus)
1979 3425 2205 3489 gesetzt.

1462 3531 1515 3583 9.
1550 3527 1865 3582 volitamtem
1899 3527 2001 3582 mit
2025 3526 2150 3583 dem
2169 3527 2562 3598 Nebenbegriff

1393 3615 1491 3671 der
1529 3615 1827 3680 Keckheit3
1867 3615 1973 3685 vgl.
2011 3616 2055 3684 Ι,
2094 3619 2181 3672 59.

1467 3725 1550 3780 12.
1587 3736 1704 3777 sero
1740 3721 1852 3776 diei
1888 3723 1991 3778 wie
2026 3722 2220 3778 Livius
2258 3728 2399 3779 statt
2432 3739 2554 3778 sero

1394 3809 1502 3864 die.

1466 3901 1552 3954 13.
1583 3897 1856 3965 faciendis
1892 3897 2090 3952 castris
2125 3898 2218 3957 fin.
2258 3899 2413 3964 Dat.;
2467 3899 2558 3956 bei

1393 3986 1589 4041 ducere
1624 4002 1731 4041 nur
1757 3986 1854 4041 der
1881 3987 2044 4041 Dativ
2068 3986 2359 4055 praesidio
2385 3988 2484 4057 111,
2503 3988 2557 4058 9,

1395 4090 1658 4144 wogegen
1708 4074 1807 4130 das
1845 4073 2127 4130 Gerundiv
2177 4076 2279 4129 mit
2315 4074 2407 4143 ad,
2456 4078 2558 4132 wie

1396 4164 1497 4234 111,
1535 4166 1603 4219 39
1640 4163 1716 4218 ad
1752 4162 2130 4217 exsolvendum
2165 4163 2450 4220 obsidium.

1466 4268 1563 4340 22,
1599 4272 1649 4324 4.
1687 4273 1829 4322 metu
1850 4310 1865 4325 .
1882 4310 1895 4322 .
1920 4285 1997 4323 an
2021 4269 2125 4337 vgl.
2155 4271 2282 4341 1,13
2306 4286 2440 4325 casu
2468 4287 2559 4325 an.
