2992 4825
360 309 371 318 .
466 226 546 287 52
649 310 661 323 ι
932 205 937 212 ο
1161 246 1169 253 ·
1218 238 1399 293 Taciti
1438 238 1729 293 Germania
1766 255 1813 294 c.
1853 241 1921 293 36
1956 254 2009 294 u.
2048 240 2132 295 37.

561 380 736 462 ge‘nS,
800 375 1182 474 quamquam
1245 380 1510 461 incipiat
1555 399 1595 445 a
1637 380 1857 445 Frisiis
1905 399 1981 446 ac
2026 385 2274 462 partem
2337 379 2546 445 litoris
2605 385 2904 461 occupet,

564 486 841 551 omnium
888 505 1069 576 quas,
1105 486 1366 568 exposui
1412 486 1696 567 gentium
1762 486 2069 551 lateribus
2126 486 2509 565 obtenditur,
2580 485 2796 551 donec
2843 485 2904 550 in

493 608 526 658 5
563 589 833 657 Chattos
896 610 1097 673 usque
1160 592 1465 657 sinuetur.
1577 591 1736 657 Tam
1796 592 2169 657 immensum
2228 596 2545 657 terrarum
2613 591 2902 672 spatium
2969 667 2972 674 ι

492 775 495 778 ,
563 715 690 761 non
734 701 956 761 tenent
998 700 1263 761 tantum·
1295 694 1553 776 Chauci,
1601 696 1716 762 sed
1761 702 1828 762 et
1870 696 2155 778 implent,
2204 696 2474 778 populus
2519 696 2692 761 inter
2744 695 2901 761 Ger·
2969 741 2972 756 1

396 876 405 885 ,
506 796 512 802 ’
563 819 784 866 manos
846 790 1274 868 nobilissimus
1333 802 1565 884 quique
1629 793 2126 884 magnitudinem
2173 820 2353 867 suam
2417 800 2601 868 malit
2643 801 2900 866 iustitia
2971 849 2972 852 ,

564 906 747 975 tueri.
838 905 986 973 Sine
1031 907 1399 991 cupiditate,
1448 908 1586 972 sine
1632 908 2026 989 impotentia,
2073 908 2268 988 quieti
2302 907 2663 988 secretique
2717 905 2898 971 nulla
2969 907 2972 946 ’ἵ

563 1015 912 1094 provocant
953 1012 1139 1092 bella,
1189 1011 1379 1078 nullis
1426 1011 1715 1094 raptibus
1763 1019 1877 1078 aut
1920 1013 2268 1079 latrociniis
2314 1013 2729 1095 populantur.
2824 1012 2896 1076 Id

419 1182 425 1188 ⁴
460 1125 526 1176 10
561 1118 973 1198 praecipuum
1018 1117 1274 1182 virtutis
1320 1136 1397 1183 ac
1440 1118 1667 1183 virium
1707 1113 2153 1199 argumentum
2184 1123 2300 1198 est,
2346 1117 2537 1199 quod,
2586 1123 2660 1182 ut
2705 1134 2895 1198 supe-

562 1223 764 1287 riores
828 1229 1044 1305 agant,
1114 1241 1237 1289 non
1298 1241 1413 1305 per
1474 1224 1736 1289 iniurias
1800 1229 2225 1306 assequuntur
2240 1231 2263 1303 ;“
2321 1229 2619 1306 prompta
2673 1227 2894 1287 tamen

561 1328 853 1393 omnibus
915 1347 1100 1394 arma
1142 1347 1240 1408 ac,
1305 1330 1360 1393 si
1404 1347 1509 1394 res
1555 1322 1796 1411 poscat,
1863 1330 2170 1397 exercitui
2221 1329 2574 1413 plurimum,
2608 1324 2892 1394 uirorum

562 1451 1033 1516 equorumque,
1055 1439 1135 1499 et
1180 1433 1653 1516 quiescentibus
1699 1435 1923 1501 eadem
1967 1434 2154 1501 fama.

740 1544 841 1606 36.
890 1540 962 1604 In
1007 1539 1211 1611 latere
1257 1537 1660 1612 Chaucorum
1710 1539 2212 1623 Chattorumque
2275 1539 2583 1607 Cherusci
2627 1539 2888 1604 nimiam

561 1662 637 1708 ac
680 1650 1062 1711 marcentem
1112 1646 1220 1709 diu
1250 1664 1473 1727 pacem
1520 1646 1847 1712 illacessiti
1896 1648 2282 1712 nutrierunt:
2321 1646 2520 1727 idque
2550 1643 2886 1710 iucundius

561 1768 748 1831 quam
791 1751 992 1815 tutius
1037 1737 1172 1831 fuit,
1215 1752 1368 1833 quia
1411 1752 1581 1816 inter
1640 1752 2024 1834 impotentes
2085 1758 2151 1817 et
2195 1750 2441 1818 validos
2499 1749 2663 1816 falso
2711 1750 2888 1831 quie-

559 1873 731 1937 scas3
779 1857 889 1922 ubi
935 1875 1124 1920 manu
1171 1858 1404 1938 agitur,
1451 1858 1765 1923 modestia
1812 1876 1887 1923 ac
1924 1859 2207 1941 probitas
2253 1857 2511 1922 nomina
2540 1855 2887 1938 superioris

490 1967 523 2016 ὅ
561 1967 730 2026 sunt.
822 1963 923 2027 Ita
967 1963 1075 2042 qui
1136 1961 1286 2026 olim
1349 1963 1501 2028 boni
1563 1963 1873 2046 aequique
1922 1962 2238 2046 Cherusci,
2298 1981 2466 2028 nuuc
2528 1964 2767 2027 inertes
2810 1979 2886 2025 ac
2971 1961 2972 1998 ³

525 2192 576 2245 4.
614 2188 851 2240 omnium
943 2229 955 2240 .
990 2157 1234 2256 yeiztium
1256 2189 1472 2243 bezieht
1497 2189 1634 2243 sich-

453 2276 705 2331 offenbar
746 2292 854 2330 -nur
901 2275 1000 2330 auf
1046 2276 1133 2331 die
1177 2293 1222 2331 c.
1260 2280 1490 2331 -30—34
1528 2293 1619 2345 ge-

268 2359 276 2369 ’
366 2387 371 2392 «
426 2370 693 2418 nannten
746 2363 1228 2432 Volkerscha'ften,
1283 2381 1388 2420 von
1438 2365 1617 2421 denen

447 2452 650 2519 jedoch
721 2441 1048 2519 wenigstens
1076 2525 1083 2530 ⁸
1123 2452 1210 2507 die
1282 2453 1442 2522 Usipi
1506 2454 1617 2507 und

453 2541 712 2594 Tencteri
748 2540 871 2595 hier
901 2542 1056 2595 nicht
1092 2542 1148 2595 in
1175 2540 1443 2596 Betracht
1466 2542 1618 2596 kom-

363 2688 381 2702 ·
452 2645 577 2682 men
610 2629 843 2685 konnen.

523 2715 838 2769 obtenditur
862 2732 909 2770 c.
935 2716 1049 2770 dat.
1074 2716 1163 2771 bei
1189 2718 1320 2772 Tac.
1346 2719 1498 2787 (Agr.
1530 2721 1618 2788 10)

453 2803 563 2857 und
593 2803 841 2858 Plinius:
895 2803 1033 2871 liegt
1087 2820 1157 2859 an
1204 2833 1290 2872 -,
1346 2806 1619 2860 erstreckt
1658 2857 1666 2866 ,

358 2889 363 2895 ’
454 2891 573 2945 sich
608 2891 717 2944 hin.

522 2982 571 3033 5.
610 2979 888 3035 sinuetur.-
946 2979 1322 3049 bogenformig
1375 2982 1616 3036 auslauft

450 3066 507 3119 in
530 3067 644 3121 ‘das
682 3067 877 3132 Gebiet
914 3067 1011 3122 der
1037 3068 1269 3123 Chatten
1308 3069 1492 3124 hinein
1530 3070 1617 3137 (in

380 3218 383 3219 ⁷
437 3184 520 3207 .—
557 3158 768 3223 usque).
843 3154 1074 3209 Danach
1121 3155 1326 3219 mutate
1365 3157 1486 3214 sich
1524 3153 1615 3212 &n

451 3242 687 3297 Streifen
724 3242 1352 3326 chaukischen·Gebiets
1407 3260 1476 3298 an
1516 3228 1615 3299 der
1665 3267 1670 3273 ·

449 3330 647 3385 Weser
683 3332 806 3385 weit
841 3330 1039 3384 hinauf
1068 3337 1309 3398 gezogen
1347 3332 1542 3386 haben.

520 3422 570 3474 6.
607 3418 705 3471 sed
737 3423 787 3472 et
824 3418 928 3486 vgl.
969 3436 1016 3473 c.
1060 3420 1230 3487 15‚‘9.
1536 3486 1547 3497 ο

520 3510 570 3559 7.
606 3505 762 3558 malit
795 3505 1015 3561 iustitia
1048 3507 1195 3560 tueri
1240 3522 1402 3575 quam
1446 3507 1613 3561 armis

450 3599 508 3648 et
532 3593 753 3660 iniuria,
796 3594 897 3648 wie
921 3595 1039 3648 sich
1066 3584 1168 3649 aus
1191 3595 1294 3650 den
1320 3595 1610 3662 folgenden

448 3682 646 3737 Satzen
686 3682 910 3748 ergiebt.
1108 3748 1109 3751 Ἴ

516 3774 593 3826 8..
619 3769 943 3836 impotentia
1003 3769 1169 3824 findet
1196 3788 1199 3791 ·
1223 3770 1341 3825 sich
1401 3771 1489 3839 bei
1547 3771 1609 3825 T.

447 3858 592 3912 oster
629 3858 852 3912 absolut
888 3859 944 3911 in
984 3849 1082 3911 der
1103 3858 1420 3925 Bedeutung
1459 3860 1610 3912 einer

446 3946 748 4003 masslosen
776 3945 1183 4013 Leidenschaft,
1220 3931 1610 4000 insbe's'ondere

445 4033 876 4088 Herrschsucht.

515 4128 566 4176 9.
622 4126 820 4189 raptus
858 4121 966 4175 und
1019 4121 1312 4174 latrocinia
1349 4139 1449 4175 zur
1485 4122 1610 4176 rhe-

445 4208 722 4262 torischen
750 4209 1167 4276 Amplifikation
1207 4210 1301 4264 des
1332 4209 1606 4278 Begriffes

446 4288 967 4359 ofter'verbundem
1023 4297 1152 4351 hist.
1192 4299 1234 4366 1,
1270 4299 1356 4351 46.
1407 4297 1480 4364 ΙΙ,
1522 4301 1606 4352 58.

1799 2195 1882 2247 12.
1920 2183 1973 2243 si
2008 2205 2095 2243 res
2122 2194 2319 2257 poscat
2356 2189 2499 2244 ohne
2536 2188 2743 2256 Objekt
2779 2194 2882 2242 ste·

1723 2277 1902 2333 hende
1938 2277 2174 2332 Formel.
2268 2321 2275 2327 .
2531 2319 2534 2322 2

1793 2365 2080 2433 exercitui,
2135 2365 2235 2420 der
2286 2364 2452 2420 Dativ
2505 2365 2561 2419 in
2617 2349 2879 2419 fJberein-
2969 2407 2970 2421 ,

1724 2455 2019 2521 stimmung
2053 2456 2154 2508 mit
2178 2453 2448 2518 omnibus,
2488 2459 2557 2508 st.
2598 2453 2696 2508 der
2721 2453 2878 2506 siber·
2969 2444 2970 2483 ³

1702 2542 1974 2597 ·lieferten
2046 2542 2249 2596 Lesart
2319 2542 2594 2594 exercitus
2611 2579 2628 2605 ,
2715 2541 2877 2594 wobei
2969 2526 2970 2533 ἵ

1711 2631 2014 2699 plurimum
2073 2630 2318 2684 virorum
2391 2644 2757 2696 equorumque
2823 2628 2879 2680 in

1722 2719 2113 2788 gewaltsamer.
2128 2718 2325 2775 Weise,
2340 2717 2425 2770 als
2462 2703 2878 2784 epexegetische'

1723 2807 2050 2875 Apposition
2089 2804 2290 2872 gefasst
2326 2803 2474 2858 wird.

2103 2986 2139 2997 ⁴-
2215 2961 2270 3015 C.
2311 2963 2395 3015 36.

1796 3076 1842 3124 1.
1885 3067 2145 3123 Cherusci
2180 3083 2286 3123 von
2318 3068 2442 3121 dem
2467 3065 2769 3134 Berglande
2801 3080 2869 3119 an

1722 3157 1821 3212 der
1858 3156 2138 3221 mittleren
2177 3155 2373 3211 Weser
2408 3155 2493 3209 bis
2530 3171 2627 3209 zur
2658 3153 2814 3210 Elbe.

1792 3249 1841 3300 2.
1880 3250 2197 3299 marcentem
2251 3242 2446 3312 (poet.)
2498 3244 2537 3297 k
2558 3260 2585 3297 r
2606 3258 2638 3296 a
2655 3242 2681 3295 f
2695 3242 2758 3296 tl
2778 3258 2807 3295 o
2826 3258 2866 3296 s.

1724 3334 1826 3388 Die
1851 3332 2198 3401 Bemerkung
2221 3333 2297 3386 ist
2322 3332 2477 3386 nicht
2500 3345 2697 3398 genam
2735 3329 2865 3384 deun

1723 3422 1807 3477 die
1846 3421 2159 3476 Cherusker
2183 3421 2407 3474 wurden
2443 3418 2585 3490 nach
2620 3434 2743 3475 ann.
2778 3418 2865 3485 XI,

1723 3512 1789 3563 16
1826 3527 1876 3563 u.
1917 3508 2040 3575 XII,
2076 3512 2146 3563 28
2185 3509 2359 3563 durch
2399 3509 2590 3561 innere
2624 3505 2864 3573 Streitig-

1717 3598 1904 3652 keiten
1952 3598 2065 3651 und
2101 3595 2303 3664 Kriege
2351 3597 2454 3650 mit
2493 3595 2599 3649 den
2636 3593 2862 3648 Chatten

1717 3685 2085 3752 geschwacht..

1787 3772 2117 3838 nutrierunt,
2141 3787 2270 3839 gew.
2292 3770 2501 3836 habere,
2522 3785 2750 3835 servare,
2770 3771 2860 3824 uti.

1786 3864 1836 3914 3.
1872 3846 2019 3928 falso
2057 3859 2332 3926 quiescas:
2370 3859 2469 3911 mit
2485 3858 2726 3912 Unrecht
2747 3874 2862 3918 man

1718 3946 1834 4000 sich
1874 3946 1972 4000 der
2011 3946 2171 3999 Ruhe
2206 3944 2469 4010 hingiebt.

1786 4037 1834 4088 4.
1872 4049 2041 4085 mame
2079 4049 2240 4105 ωροτε
2275 4033 2376 4087 wie
2412 4034 2554 4101 Agr.
2592 4036 2641 4088 9.

1786 4121 2048 4195 vitodestia
2069 4136 2134 4175 ac
2158 4121 2406 4188 probitas
2428 4122 2656 4175 nomina
2668 4123 2864 4190 superi-

1716 4209 1828 4262 oris
1899 4215 2028 4263 sunt
2083 4233 2151 4254 =
2205 4209 2487 4263 modestus
2544 4225 2614 4265 ac
2667 4211 2862 4279 probus
2961 4226 2962 4273 ς

1712 4293 2021 4351 nominatur
2041 4298 2323 4369 superior.
