2992 4825
1100 230 1277 287 Taciti
1314 232 1575 300 Agricola
1611 249 1659 289 c.
1696 235 1889 289 9-10.
2582 224 2655 285 ll

325 371 441 438 ubi
495 378 839 439 conventus
896 392 972 438 ac
1015 374 1250 440 iudicia
1293 380 1647 457 poscerent,
1708 376 1923 459 gravis
1968 377 2250 442 intentus
2295 395 2551 443 severus
2598 381 2661 442 et

327 467 586 559 saepius
639 478 1024 560 misericors3
1089 479 1199 544 ubi
1253 478 1458 546 officio
1518 480 1949 561 satisfactum,
2023 481 2195 547 nulla
2252 481 2424 548 ultra
2479 486 2659 564 pote·
2700 492 2770 547 10

328 582 521 648 statis
565 602 866 665 persona:
913 584 1243 651 tristitiam
1288 592 1356 651 et
1398 587 1842 669 adrogantiam
1889 594 1955 653 et
1995 588 2325 654 avaritiam
2371 592 2662 667 exuerat,-

257 728 261 732 -
329 706 453 755 nec
505 688 624 771 illi,
692 691 862 772 quod
919 696 1019 756 est
1050 691 1496 773 rarissimum,
1567 699 1681 759 aut
1733 691 2004 759 facilitas
2059 693 2504 760 auctoritatem
2549 699 2662 759 aut

333 795 641 860 severitas
685 813 966 861 amorem
1014 796 1334 863 deminuit.
1418 799 1860 881 Integritatem
1891 803 2082 881 atque
2113 798 2564 864 abstinentiam
2596 799 2662 864 in
2750 799 2780 821 ”

331 904 515 966 tanto
560 901 694 967 viro
739 899 977 967 referre
1023 902 1256 969 iniuria
1299 904 1609 968 virtutum
1663 902 1873 972 fuerit.
1965 905 2060 970 Ne
2107 902 2340 970 famam
2387 905 2661 986 quidem,

334 1006 438 1072 cui
489 1023 682 1090 saepe
745 1009 939 1073 etiam
998 1008 1142 1074 boni
1200 1008 1560 1091 indulgent,
1624 1011 2005 1076 ostentanda
2070 1011 2306 1076 virtute
2372 1017 2487 1076 aut
2548 1029 2663 1093 per
2703 1018 2772 1073 15

337 1117 541 1178 artem
587 1113 924 1195 quaesivit:
986 1114 1204 1195 procul
1249 1114 1329 1179 ab
1377 1115 1800 1182 aemulatione
1847 1117 2153 1182 adversus
2200 1116 2472 1198 collegas
2518 1134 2663 1199 pro·

336 1217 440 1283 cul
486 1236 527 1283 a
583 1219 989 1285 contentione
1046 1220 1352 1285 adversus
1411 1225 1853 1302 procuratores
1909 1228 1977 1287 et
2028 1221 2276 1288 vincere
2327 1221 2663 1304 inglorium

337 1328 405 1388 et
448 1324 640 1389 atteri
686 1323 1009 1389 sordidum
1055 1324 1506 1393 arbitrabatur.

518 1429 727 1494 Minus
785 1430 1124 1495 triennium
1183 1431 1249 1495 in
1309 1450 1388 1497 ea
1441 1431 1763 1514 legatione
1822 1432 2118 1498 detentus
2171 1451 2248 1498 ac
2305 1433 2524 1498 statim
2582 1432 2665 1498 ad

339 1552 515 1617 spem
560 1536 929 1602 consulatus
971 1537 1306 1602 revocatus
1352 1543 1477 1616 est,
1544 1537 1887 1604 comitante
1931 1539 2222 1620 opinione
2270 1540 2663 1604 Britanniam
2702 1548 2777 1601 20

339 1640 395 1706 ei
447 1641 838 1723 provinciam
899 1642 1068 1723 dari,
1133 1642 1322 1708 nullis
1378 1643 1442 1708 in
1504 1643 1627 1709 hoc
1681 1645 1811 1710 suis
1871 1645 2292 1726 sermonibuS,
2358 1644 2474 1710 sed
2518 1644 2669 1726 quia

339 1764 455 1828 par
499 1746 855 1813 videbatur.
947 1747 1135 1813 Haud
1183 1766 1433 1831 semper
1479 1754 1654 1815 errat
1698 1748 1897 1829 fama3
1956 1749 2296 1831 aliquando
2345 1756 2410 1815 et
2454 1749 2663 1832 elegit.

341 1848 578 1918 Consul
623 1845 916 1935 eyreyiae
959 1858 1096 1918 tum
1143 1854 1280 1936 spei
1326 1851 1522 1920 filiam
1568 1855 1779 1920 iuveni
1825 1854 1990 1920 mihi
2024 1855 2363 1937 despondit
2407 1874 2484 1921 ac
2523 1860 2669 1938 post

341 1959 737 2023 consulatum
799 1957 1167 2041 collocavit3
1238 1966 1304 2025 et
1366 1960 1587 2026 statim
1645 1960 2025 2039 Britanniae.
2070 1961 2481 2044 {praepositus
2546 1964 2663 2040 est,

341 2062 588 2130 adiecto
634 2061 1043 2145 pontificatus
1087 2067 1464 2133 sacerdotio,
2703 2074 2777 2128 25

524 2175 620 2235 10.
686 2170 1058 2237 Britanniae
1112 2171 1307 2237 situm
1362 2171 1759 2255 populosque
1811 2173 2027 2239 multis
2083 2172 2498 2256 scriptoribus
2545 2189 2669 2238 me·

342 2281 619 2342 moratos
673 2294 798 2342 non
854 2277 920 2341 in
975 2278 1512 2359 comparationem
1562 2284 1762 2360 {curae
1819 2279 2135 2361 ingeniive
2190 2277 2491 2359 referam,
2525 2277 2670 2343 ⁴sed

341 2382 489 2464 quia
550 2387 686 2448 tum
743 2382 1016 2465 primum
1071 2384 1430 2466 perdomita
1493 2390 1621 2450 est:
1686 2385 1777 2450 ita
1831 2402 1997 2466 quae
2050 2385 2324 2467 priores,
2389 2383 2669 2450 nondum

345 2494 698 2572 comperta,
759 2490 1122 2571 eloquentia
1177 2492 1572 2571 percoluere,
1634 2510 1847 2556 rerum
1901 2488 2028 2556 fide
2080 2491 2435 2556 tradentur.
2527 2489 2668 2554 Bri-

343 2595 582 2676 tannia,
641 2596 991 2661 insularum
1046 2612 1202 2677 quas
1249 2597 1537 2662 Romana
1592 2598 1824 2662 notitia
1878 2596 2319 2680 complectitur
2375 2595 2665 2677 maxima,
2740 2602 2777 2656 5

343 2701 552 2783 spatio
611 2719 686 2767 ac
739 2702 914 2768 caelo
973 2702 1037 2767 in
1085 2701 1394 2767 orientem
1441 2701 1842 2782 Germaniae,
1888 2705 1954 2768 in
2001 2701 2391 2769 occidentem
2438 2700 2668 2782 Hispa·

344 2805 486 2872 niae
540 2807 935 2888 obtenditur,
993 2806 1196 2873 Gallis
1251 2808 1316 2873 in
1373 2808 1704 2874 meridiem
1757 2810 1951 2873 etiam
1997 2808 2357 2890 inspicitur;
2419 2812 2668 2889 septen-

341 2911 642 2979 trionalia
705 2914 864 2996 eiuS,
929 2913 1119 2979 nullis
1185 2919 1407 2980 contra
1471 2914 1691 2994 terri8‚
1758 2919 1956 2980 vasto
1996 2919 2190 2996 atque
2240 2919 2461 2996 aperto
2508 2912 2671 2978 mari

344 3017 694 3100 pulsantur.
786 3019 1086 3085 Formam
1140 3021 1338 3086 totius
1387 3020 1755 3086 Britanniae
1801 3019 2017 3086 Livius
2063 3026 2376 3098 veterum,
2436 3018 2670 3084 Fabius

346 3126 641 3192 Rusticus
698 3125 1045 3191 recentium
1100 3125 1601 3207 eloquentissimi
1663 3131 1958 3191 auctores
2014 3125 2323 3207 oblongae
2385 3124 2671 3189 scutulae
2711 3131 2783 3184 10

347 3233 448 3298 vel
499 3231 756 3314 bipenni
811 3231 1291 3298 adsimulavere.
1384 3231 1470 3295 Et
1523 3236 1623 3297 est
1679 3250 1756 3297 ea
1802 3229 1994 3297 facies
2042 3231 2202 3296 citra
2247 3227 2671 3306 Caledoniam,

347 3339 515 3405 unde
566 3346 633 3404 et
684 3339 776 3403 in·
805 3338 1169 3403 universum
1230 3337 1396 3404 fama
1458 3343 1586 3403 est:
1656 3337 1771 3402 sed
1828 3337 2241 3418 transgressis
2299 3336 2672 3400 immensum

348 3448 415 3511 et
457 3462 709 3511 enorme
755 3445 1032 3527 spatium
1076 3444 1585 3526 procurrentium
1635 3447 1916 3509 extremo
1962 3444 2091 3508 iam
2135 3443 2321 3508 litore
2358 3446 2672 3507 terrarum

347 3551 525 3617 velut
576 3552 643 3615 in
707 3568 973 3617 cuneum
1030 3555 1345 3616 tenuatur.
1438 3549 1623 3615 Hanc
1680 3567 1855 3615 oram
1912 3549 2237 3614 novissimi
2284 3548 2476 3612 maris
2522 3550 2675 3610 tunc

347 3657 621 3740 primum
667 3656 954 3722 Romana
1013 3654 1234 3721 classis
1294 3656 1720 3721 circumvecta
1775 3654 2042 3720 insulam
2090 3672 2231 3719 esse
2279 3652 2672 3717 Britanniam
2714 3658 2786 3711 15

350 3762 734 3842 adfirmavit,
806 3781 883 3828 ac
942 3763 1128 3828 simul
1183 3762 1539 3842 incognitas
1605 3762 1686 3826 ad
1746 3760 1813 3826 id
1880 3768 2126 3843 tempus
2180 3757 2448 3838 insulas,
2518 3773 2675 3838 quas

351 3867 633 3936 Orcadas
695 3873 957 3948 vocant,
1026 3868 1268 3932 invenit
1332 3867 1719 3948 domuitque.
1819 3867 2126 3949 Dispecta
2178 3868 2275 3931 est
2337 3870 2403 3929 et
2455 3861 2673 3941 Thule,

350 3976 502 4058 qnia
555 3976 864 4042 hactenus
925 3974 1168 4038 iussum
1216 3977 1282 4038 et
1325 3972 1528 4038 hiems
1575 3972 1941 4054 adpetebat.
2035 3970 2160 4036 Sed
2208 3987 2381 4034 mare
2427 3968 2675 4050 pigrum

350 4086 417 4147 et
461 4099 655 4164 grave
699 4080 1157 4163 remigantibus
1202 4078 1541 4161 perhibent
1588 4097 1667 4143 ne
1720 4079 1927 4143 ventis
1973 4074 2224 4159 quidem
2272 4073 2532 4156 proinde
2578 4076 2675 4137 at-

350 4188 507 4267 tolli,
556 4186 761 4270 credo,
807 4187 974 4269 quod
1023 4185 1298 4251 rariores
1345 4190 1558 4249 terrae
1606 4189 1994 4264 montesque,
2053 4196 2244 4248 causa
2289 4197 2365 4246 ac
2409 4179 2675 4243 materia
2713 4190 2788 4242 20

351 4298 826 4376 tempestatum,
882 4296 948 4359 et
999 4289 1314 4375 profunda
1358 4289 1555 4355 moles
1602 4290 1879 4355 continui
1925 4287 2117 4353 maris
2162 4286 2410 4351 tardius
2456 4281 2675 4365 impel-
