2992 4825
324 1362 340 1406 1
353 1358 385 1402 ἡ

316 3479 377 3531 Η]

433 242 509 298 ‘'j-”4
1173 252 1357 308 Taciti
1393 254 1655 323 Agricola
1690 270 1737 310 c.
1775 257 2001 311 44—45.

605 401 708 460 44.
779 393 985 461 Natus
1050 400 1192 462 erat
1252 396 1549 478 Agricola
1610 397 1770 462 Gaio
1835 395 2110 464 Caesare
2175 398 2436 463 tertium
2500 398 2761 464 consule

433 502 637 566 idibus
679 499 905 579 Iuniis;
970 502 1240 567 excessit
1294 508 1528 584 quarto
1583 509 1649 567 et
1693 503 2211 586 quinquagesimo
2258 522 2454 583 anno,
2512 504 2759 570 decimo

433 606 736 671 kalendas
788 604 1193 689 Septembres
1251 605 1516 690 Collega
1568 607 1912 690 Priscoque
1968 608 2348 675 consulibus.
2450 609 2635 688 Quod
2700 610 2758 676 si

431 712 710 776 habitum
767 730 1014 794 quoque
1071 713 1207 778 eius
1262 714 1505 795 posteri
1560 732 1823 780 noscere
1878 714 2102 795 velint,
2175 715 2501 781 decentior
2561 733 2755 798 quam

320 834 353 878 ᾗ
429 818 751 882 sublimior
805 815 956 896 fuit;
1021 817 1175 882 nihil
1229 822 1438 884 metus
1495 823 1561 885 et
1613 820 1891 903 impetus
1950 819 2014 884 in
2079 820 2293 900 vultu3
2355 820 2562 902 gratia
2623 820 2757 886 oris

427 927 776 1002 supererat.
850 922 1094 989 Bonum
1139 924 1344 989 virum
1391 923 1574 991 facile
1619 924 1925 1006 crederes»,
1975 943 2270 1006 magnum
2301 925 2592 992 libenter.
2667 927 2758 991 Et
2808 1002 2819 1008 ‚

425 1034 557 1108 ipse
605 1029 873 1110 quidem,
921 1046 1304 1112 quamquam
1350 1031 1555 1096 medio
1601 1031 1664 1096 in
1712 1031 1924 1114 spatio
1954 1031 2244 1115 integrae
2277 1031 2545 1098 aestatis
2576 1050 2752 1114 erep-

429 1142 545 1210 tus,
601 1138 901 1218 quantum
949 1134 1029 1199 ad
1076 1134 1362 1216 gloriam,
1422 1134 1859 1216 longissimum
1904 1155 2128 1202 aevum
2172 1139 2454 1220 peregit:
2518 1137 2753 1220 quippe

425 1250 489 1302 ct
537 1258 686 1304 vera
728 1240 914 1319 bona,
964 1257 1124 1321 quae
1167 1240 1232 1305 in
1278 1241 1619 1306 virtutibus
1661 1243 1790 1307 sita
1834 1247 2000 1325 sunt,
2046 1243 2440 1324 impleverat,
2499 1249 2563 1310 et
2606 1249 2754 1309 con-

425 1346 617 1410 sulari
665 1363 740 1411 ac
783 1344 1274 1428 triumphalibus
1321 1348 1711 1414 ornamentis
1756 1348 2045 1429 praedito
2092 1347 2241 1429 quid
2287 1348 2461 1414 aliud
2496 1348 2755 1414 adstru-

425 1470 525 1514 1:1²3
589 1450 841 1518 fortuna
894 1451 1194 1533 poterat?
1283 1451 1526 1534 Opibus
1581 1452 1789 1518 nimiis
1850 1470 1977 1518 non
2021 1453 2370 1535 gaudebat,
2427 1455 2756 1536 speciosae

425 1562 839 1638 contigerant.
919 1556 1082 1622 Filia
1126 1563 1321 1639 atque
1367 1576 1561 1624 uxore
1606 1559 2057 1641 superstitibus
2087 1563 2302 1641 potest
2330 1559 2530 1625 videri
2560 1560 2753 1625 etiam

425 1666 649 1726 beatus
693 1662 988 1729 incolumi
1035 1664 1366 1746 dignitate,
1412 1664 1681 1730 florente
1729 1662 1917 1745 fama,
1965 1665 2158 1732 salvis
2204 1663 2640 1731 adfinitatibus
2688 1672 2755 1732 et

425 1770 709 1835 amicitiis
772 1767 991 1835 futura
1057 1766 1374 1852 effugisse.
1466 1770 1631 1835 Nam
1694 1771 1882 1837 sicuti
1944 1790 2077 1836 non
2139 1771 2325 1837 licuit
2384 1772 2620 1837 durare
2685 1773 2753 1838 in

357 1890 377 1914 Γ
425 1878 581 1938 hanc
641 1874 992 1941 beatissimi
1046 1877 1283 1942 saeculi
1337 1876 1543 1942 lucem
1592 1876 1675 1941 ad
1721 1877 2073 1960 principem
2118 1876 2461 1943 Traianum
2510 1877 2749 1958 videre,

425 1982 589 2062 quffll
661 1981 921 2062 augurio
988 1981 1276 2062 votisque
1338 1981 1508 2063 apud
1576 1987 1827 2048 nostras
1898 1999 2089 2048 aures
2156 1983 2587 2063 ominabatur,
2657 1983 2753 2049 ita

425 2090 756 2151 festinatae
822 2087 1042 2152 mortis
1110 2087 1353 2168 grande
1424 2086 1721 2153 solatium
1789 2087 1941 2154 tulit
2009 2088 2291 2154 evasisse
2355 2093 2751 2172 postremum

425 2194 573 2254 illm!
625 2198 890 2274 tempus,
940 2209 1065 2273 quo
1103 2193 1502 2259 Domitianus
1546 2211 1672 2261 non
1717 2193 1841 2259 iam
1887 2211 2000 2277 per
2044 2193 2382 2260 intervalla
2424 2212 2501 2260 ac
2544 2195 2751 2277 spira·

425 2306 637 2362 menta
678 2303 1055 2379 temporum,
1103 2297 1215 2363 sed
1261 2300 1555 2365 continuo
1603 2303 1670 2364 et
1716 2300 1891 2365 velut
1934 2317 2060 2365 uno
2100 2299 2233 2365 ictu
2266 2317 2398 2365 rem
2431 2299 2750 2383 publicam

421 2402 728 2472 exhaussit.

601 2519 699 2575 45.
775 2508 919 2575 Non
992 2510 1150 2575 vidit
1226 2512 1525 2593 Agricola
1599 2512 1921 2578 obsessam
1997 2513 2239 2579 curiam
2316 2517 2381 2579 et
2462 2513 2745 2578 clausum

421 2619 609 2679 minis
665 2622 957 2683 senatum
1016 2620 1081 2682 et
1136 2617 1360 2682 eadem
1419 2623 1638 2700 strage
1696 2623 1796 2683 tot
1849 2619 2273 2684 consularium
2330 2618 2584 2700 caedes,
2648 2622 2750 2685 tot

425 2723 947 2788 [arabilissimarum
995 2722 1370 2788 feminarum
1417 2723 1606 2788 exilia
1651 2729 1719 2789 et
1760 2721 1966 2806 fugas,
2038 2722 2186 2790 Una
2231 2723 2438 2790 adhuc
2480 2724 2749 2790 victoria

421 2827 617 2891 [latus
683 2828 914 2893 Metius
974 2829 1385 2910 censebatur,
1442 2834 1508 2895 et
1567 2831 1735 2894 intra
1790 2829 2099 2896 Albanam
2155 2848 2365 2897 arcem
2430 2829 2749 2896 sententia

425 2935 742 2999 Messalini
800 2935 1146 3016 strepebat,
1216 2939 1282 3000 et
1339 2934 1555 3002 Massa
1610 2936 1884 3002 Baebius
1947 2941 2084 3001 tum
2149 2953 2297 3001 reus
2361 2941 2529 3002 erat:
2599 2953 2747 3001 mox

421 3051 673 3103 nostrae
724 3039 961 3106 duxere
1003 3039 1361 3106 Helvidium
1421 3041 1489 3106 in
1544 3059 1861 3107 carcerem
1919 3059 2164 3123 manus,
2226 3059 2341 3108 nos
2388 3041 2743 3107 Mauricum

421 3151 867 3227 {infirmumque
916 3146 1261 3227 divisimuS,
1307 3165 1422 3213 nos
1459 3148 1783 3213 innocenti
1814 3148 2125 3229 sanguine
2156 3146 2417 3214 Senecio
2447 3145 2743 3229 perfudit.

417 3254 581 3315 §iffi-o
633 3259 842 3317 tamen
889 3253 1207 3317 subtraxit
1253 3254 1470 3319 oculos
1518 3271 1667 3318 suos
1712 3252 2022 3335 iussitque
2066 3253 2331 3336 scelera,
2391 3271 2519 3318 non
2563 3271 2745 3335 spec-

417 3363 605 3420 tavit:
665 3359 1007 3441 praecipua
1060 3359 1177 3424 sub
1240 3359 1603 3424 Domitiano
1665 3358 2064 3424 miseriarum
2126 3377 2274 3441 pars
2329 3364 2473 3425 erat
2525 3359 2744 3425 videre

421 3475 481 3527 et
533 3465 745 3543 aspici,
794 3482 936 3529 cum
985 3466 1255 3547 suspiria
1299 3469 1521 3529 nostra
1564 3465 2132 3544 subscriberentur,
2180 3483 2318 3530 cum
2366 3464 2743 3530 denotandis

417 3575 511 3631 tot.
573 3569 889 3635 bominum
949 3568 1295 3651 palloribus
1352 3567 1672 3635 sufficeret
1734 3588 1959 3636 saevus
2005 3569 2114 3635 ille
2161 3569 2373 3636 vultus
2420 3574 2485 3635 et
2528 3571 2742 3653 rubor,

417 3695 537 3755 ιμιῡ
585 3695 650 3739 se
697 3678 918 3740 contra
963 3675 1270 3756 pudorem
1316 3676 1662 3741 muniebat.

593 3779 684 3845 Tu
737 3798 886 3846 vero
946 3778 1110 3859 felix,
1175 3780 1487 3862 Agricola,
1552 3800 1680 3847 non
1739 3782 1912 3847 vitae
1969 3785 2213 3847 tantum
2276 3781 2569 3846 claritate
2628 3782 2743 3847 sed

417 3891 601 3951 etiam
653 3886 1126 3968 opportunitate
1170 3886 1410 3953 mortiS.
1495 3885 1585 3952 Ut
1629 3886 1964 3969 perhibent
2008 3887 2115 3968 qui
2161 3884 2586 3953 interfuerunt
2630 3906 2741 3954 no·

417 3995 682 4059 vissiniis
737 3993 1129 4059 sermonibus
1183 3994 1342 4071 tuiS,
1415 3998 1715 4060 constans
1771 3998 1835 4058 et
1896 3994 2098 4060 libens
2160 3993 2360 4060 fatum
2416 3993 2738 4075 excepisti,

417 4111 732 4179 tfflnquam
779 4119 893 4182 pro
938 4100 1102 4165 virili
1147 4100 1438 4181 portione
1483 4100 1906 4166 innocentiam
1938 4100 2213 4183 principi
2245 4100 2536 4166 donares,
2611 4097 2740 4165 Sed

417 4207 565 4271 mihi
629 4206 921 4288 filiaeque
987 4206 1122 4271 eius
1190 4212 1444 4288 praeter
1513 4206 1926 4271 acerbitatem
1996 4205 2278 4287 parentis
2353 4206 2554 4287 erepti
2630 4223 2740 4271 au·

417 4319 517 4391 get
581 4313 953 4379 maestitiam
972 4364 987 4394 ,
1049 4312 1215 4393 quod
1272 4311 1567 4377 adsidere
1622 4310 1996 4390 valetudini,
2038 4309 2266 4393 ‘fovere
2325 4308 2738 4393 deficientem,
