2992 4825
996 276 1169 332 Taciti
1205 276 1467 345 Agricola
1505 292 1551 331 c.
1591 278 1819 332 34—36.
2487 265 2570 326 23

426 420 528 484 34.
615 416 682 484 si
758 435 959 483 novae
1033 421 1252 500 gentes
1328 424 1525 500 atque
1597 410 1816 499 ignota
1904 420 2072 485 acies
2163 419 2574 501 constitisset,

233 522 516 589 aliorum
562 523 951 591 exercituum
999 524 1300 606 exemplis
1345 542 1457 589 vos
1502 523 1825 590 hortarer:
1847 553 1852 558 ·
1872 542 2040 589 nunc
2083 530 2302 591 vestra
2340 524 2574 591 decora

234 635 586 710 recensete,
644 634 888 695 vestros
946 630 1160 695 oculos
1218 629 1630 712 interrogate.
1723 629 1807 694 Hi
1852 634 2025 710 sunt,
2087 648 2246 713 quos
2292 632 2572 713 proximo

232 752 414 801 anno
466 753 655 800 unam
713 735 1020 816 legionem
1073 733 1243 799 furto
1302 736 1510 801 noctis
1567 735 1901 816 adgressos
1965 736 2239 802 clamore
2299 736 2573 801 debella·

238 840 395 919 stis;
461 839 527 906 hi
589 846 949 907 ceterorum
1004 840 1455 906 Britannorum
1515 838 1901 922 fugacissimi
1958 841 2225 924 ideoque
2279 846 2409 907 tam
2469 842 2575 907 diu

239 947 640 1028 superstites.
698 945 836 1024 Quo
860 946 1049 1012 modo
1075 943 1271 1011 silvas
1295 947 1624 1029 saltusque
1656 947 2140 1030 penetrantibus
2161 946 2573 1013 fortissimum

239 1051 541 1133 quodque
595 1052 834 1117 animal
889 1054 1114 1118 contra
1165 1070 1381 1132 ruere,
1443 1053 1677 1134 pavida
1733 1057 1797 1118 et
1842 1053 2075 1118 inertia
2119 1053 2256 1134 ipso
2305 1054 2574 1136 agminis

240 1174 402 1223 sono
446 1157 595 1240 pelli
640 1157 859 1237 solent,
907 1158 998 1223 sic
1044 1157 1335 1224 acerrimi
1380 1158 1828 1225 Britannorum
1873 1159 1996 1223 iam
2043 1159 2288 1240 pridem
2336 1159 2574 1226 cecide-

240 1268 427 1344 runt,
486 1262 765 1345 reliquus
826 1269 926 1328 est
981 1282 1278 1329 numerus
1334 1264 1707 1346 ignavorum
1768 1271 1834 1330 et
1877 1265 2311 1328 metuentium.
2403 1265 2574 1344 Quos

239 1367 417 1450 quod
459 1368 714 1434 tandem
759 1368 1115 1449 invenistiS,
1173 1386 1300 1435 non
1346 1370 1750 1450 restiterunt,
1812 1369 1926 1435 sed
1973 1368 2350 1451 deprehensi
2393 1376 2571 1450 sunt3

242 1473 625 1540 novissimae
680 1491 781 1539 res
838 1479 905 1540 et
965 1481 1242 1539 extremo
1298 1479 1473 1539 metu
1529 1480 1747 1556 torpor
1804 1472 2075 1540 defixere
2123 1475 2320 1540 aciem
2365 1475 2432 1539 in
2475 1473 2574 1539 his

239 1580 550 1663 vestigiiS,
595 1581 661 1644 in
710 1580 936 1661 quibus
981 1579 1315 1661 pulchram
1361 1585 1427 1644 et
1470 1579 1883 1662 spectabilem
1920 1581 2251 1646 victoriam
2285 1579 2573 1646 ederetis.

239 1683 605 1769 Transigite
675 1704 815 1752 cum
894 1684 1425 1767 expeditionibuS,
1494 1685 1800 1767 imponite
1864 1685 2327 1768 quinquaginta
2391 1685 2575 1751 annis

244 1809 544 1874 magnum
592 1791 777 1871 diem,
825 1789 1182 1872 adprobate
1218 1791 1314 1856 rei
1345 1790 1642 1872 publicae
1671 1808 2013 1872 numquam
2046 1791 2344 1856 exercitui
2377 1791 2574 1872 impu-

243 1897 375 1963 tari
420 1897 702 1979 potuisse
746 1901 863 1961 aut
911 1914 1122 1961 moras
1169 1896 1317 1962 belli
1363 1902 1476 1961 aut
1522 1914 1750 1962 causas
1795 1895 2202 1964 rebellandi.“

425 2007 527 2068 35.
572 2003 658 2067 Et
701 2000 1085 2083 adloquente
1130 2002 1337 2068 adhuc
1369 2003 1663 2084 Agricola
1705 2002 1975 2067 militum
2024 2001 2213 2068 ardor
2244 2003 2575 2082 eminebat,

244 2112 315 2174 et
357 2106 545 2173 finem
591 2109 894 2173 orationis
937 2108 1163 2191 ingens
1210 2109 1513 2174 alacritas
1559 2112 1905 2175 consecuta
1951 2115 2066 2188 est,
2114 2108 2455 2189 statimqne
2494 2108 2576 2172 ad

246 2232 427 2279 arma
471 2214 843 2280 discursum.
936 2214 1276 2280 Instinctos
1322 2223 1706 2297 ruentesque
1751 2216 1844 2280 ita
1891 2214 2215 2295 disposuit,
2272 2218 2346 2277 ut
2401 2212 2578 2295 pedi-

242 2327 383 2385 tum
439 2318 689 2402 auxilia,
752 2337 916 2401 quae
972 2325 1115 2385 octo
1173 2318 1347 2385 milia
1402 2326 1603 2401 erant,
1664 2320 1937 2385 mediam
1984 2320 2181 2384 aciem
2228 2316 2573 2398 firmarent,

244 2426 533 2507 equitum
579 2426 705 2491 tria
751 2426 924 2491 milia
970 2425 1265 2491 cornibus
1310 2425 1832 2492 adfunderentur.
1909 2426 2217 2506 Legiones
2263 2442 2377 2506 pro
2408 2423 2574 2490 vallo

244 2536 514 2611 stetere,
593 2532 817 2615 ingens
895 2532 1192 2597 victoriae
1269 2532 1461 2597 decus
1538 2532 1701 2598 citra
1775 2530 2129 2596 Romanum
2206 2530 2575 2613 sanguinem

246 2636 555 2717 bellandi,
621 2645 689 2703 et
749 2637 1085 2717 auxilium,
1156 2638 1210 2703 si
1283 2637 1689 2718 pellerentur.
1781 2636 2228 2701 Britannorum
2287 2635 2456 2701 acies
2511 2635 2576 2699 in

245 2744 517 2826 speciem
575 2743 763 2808 simul
820 2762 897 2808 ac
943 2751 1252 2808 terrorem
1299 2742 1673 2808 editioribus
1719 2742 1870 2807 locis
1917 2742 2289 2808 constiterat
2332 2742 2443 2820 ita,
2506 2748 2579 2805 ut

246 2848 522 2931 primum
568 2867 796 2932 agmen
840 2848 906 2913 in
952 2867 1173 2930 aequo,
1222 2849 1416 2915 ceteri
1461 2867 1578 2931 per
1624 2848 1868 2914 adclive
1904 2848 2119 2929 iugum
2154 2846 2371 2914 conexi
2401 2845 2578 2911 velut

245 2956 678 3038 insurgerent3
727 2955 935 3020 media
983 2957 1185 3037 campi
1218 2954 1622 3021 covinnarius
1655 2972 1847 3037 eques
1880 2954 2151 3036 strepitu
2182 2972 2258 3018 ac
2290 2952 2577 3018 discursu

2614 1380 2689 1431 10

2616 1906 2679 1958 15

2620 2960 2684 3012 10

247 3061 627 3143 complebat.
717 3060 878 3125 Tum
911 3060 1206 3143 Agricola
1250 3064 1595 3142 superante
1640 3059 1917 3127 hostium
1963 3058 2368 3124 multitudine
2413 3058 2616 3123 veri--

246 3175 374 3247 tus,
420 3186 500 3232 ne
546 3168 611 3231 in
655 3164 931 3231 frontem
978 3164 1164 3230 simul
1209 3172 1275 3232 et
1313 3166 1523 3231 latera
1552 3183 1811 3231 suorum
1843 3170 2253 3247 pugnaretur,
2303 3163 2576 3228 diductis

247 3273 591 3351 ordinibus,
652 3289 1034 3354 quamquam
1088 3273 1439 3353 porrectior
1484 3273 1656 3336 acies
1702 3270 1918 3335 futura
1961 3275 2099 3335 erat
2144 3274 2209 3335 et
2253 3285 2575 3333 arcessen-

248 3378 362 3444 das
407 3378 690 3461 plerique
735 3378 1016 3459 legiones
1061 3378 1505 3457 admonebant,
1553 3377 1902 3459 promptior
1947 3377 2010 3440 in
2056 3392 2233 3457 spem
2265 3380 2332 3440 et
2358 3371 2574 3438 firmus

248 3485 537 3550 adversis
583 3484 842 3549 dimisso
890 3500 1065 3563 equox
1095 3483 1288 3565 pedes
1335 3489 1483 3548 ante
1530 3481 1757 3547 vexilla
1804 3480 2110 3547 constitit.

426 3596 532 3656 36.
609 3590 699 3655 Ac
766 3589 971 3671 primo
1049 3606 1389 3671 congressu
1468 3590 1715 3654 eminus
1793 3588 2187 3667 certabatur,
2265 3586 2576 3665 simulque

250 3697 637 3776 constantia,
694 3696 881 3761 simul
938 3700 1076 3760 arte
1122 3694 1414 3760 Britanni
1466 3694 1834 3777 ingentibus
1896 3692 2121 3775 gladiis
2168 3698 2235 3758 et
2277 3691 2574 3757 brevibus

250 3804 482 3871 caetris
514 3801 777 3868 missilia
808 3806 1169 3867 nostrorum
1193 3801 1395 3866 vitare
1425 3800 1526 3865 vel
1559 3804 1872 3879 excutere,
1907 3803 2099 3880 atque
2128 3799 2251 3880 ipsi
2282 3814 2573 3878 magnam

247 3911 372 3976 vim
449 3909 720 3975 telorum
797 3905 1280 3988 superfundere,
1362 3906 1564 3971 donec
1640 3904 1936 3986 Agricola
2010 3903 2395 3969 Batavorum
2472 3919 2575 3966 co-

248 4016 467 4084 hortes
531 4022 662 4080 tres
723 4031 800 4079 ac
845 4008 1243 4093 Tungrorum
1310 4011 1470 4076 duas
1534 4011 1909 4078 cohortatus
1973 4015 2098 4090 est,
2166 4013 2236 4074 ut
2298 4026 2432 4072 rem
2494 4005 2575 4071 ad

251 4139 582 4190 mucrones
639 4139 716 4186 ac
772 4136 994 4184 manus
1039 4118 1462 4198 adducerent3
1524 4117 1692 4198 quod
1738 4124 1806 4181 et
1850 4116 2005 4197 ipsis
2052 4117 2370 4180 vetustate
2414 4111 2575 4176 mili-

249 4231 374 4295 tiae
419 4226 836 4294 exercitatum
885 4231 952 4290 et
995 4224 1281 4289 hostibus
1328 4223 1607 4288 inhabile
1673 4221 1904 4304 [parva
1949 4224 2132 4285 scuta
2178 4222 2242 4283 et
2286 4234 2574 4282 enormes

250 4335 492 4417 gladios
551 4331 972 4416 gerentibus}
1077 4328 1238 4395 Nam
1296 4328 1748 4393 Britannorum
1818 4325 2013 4406 gladii
2082 4324 2217 4389 sine
2280 4340 2575 4387 mucrone

2618 3496 2679 3547 15
