<?xml version="1.0" encoding="UTF-8"?>
<!DOCTYPE html PUBLIC "-//W3C//DTD XHTML 1.0 Transitional//EN"
    "http://www.w3.org/TR/xhtml1/DTD/xhtml1-transitional.dtd">
<html xmlns="http://www.w3.org/1999/xhtml" xml:lang="en" lang="en">
 <head>
  <title>
</title>
<meta http-equiv="Content-Type" content="text/html;charset=utf-8" />
  <meta name='ocr-system' content='tesseract 3.04.00' />
  <meta name='ocr-capabilities' content='ocr_page ocr_carea ocr_par ocr_line ocrx_word'/>
</head>
<body>
  <div class='ocr_page' id='page_1' title='image "./corneliitacitid00tcgoog_0033.png"; bbox 0 0 2992 4825; ppageno 0'>
   <div class='ocr_carea' id='block_1_1' title="bbox 42 0 2507 329">
    <p class='ocr_par' dir='ltr' id='par_1_1' title="bbox 42 0 2507 329">
     <span class='ocr_line' id='line_1_1' title="bbox 42 0 2507 329; baseline 0 -29"><span class='ocrx_word' id='word_1_1' title='bbox 42 0 105 329; x_wconf 26' lang='grc' dir='ltr'>ἶ</span> <span class='ocrx_word' id='word_1_2' title='bbox 939 237 1122 301; x_wconf 81' lang='lat' dir='ltr'>Taciti</span> <span class='ocrx_word' id='word_1_3' title='bbox 1157 245 1417 314; x_wconf 74' lang='lat' dir='ltr'><strong>Agricola</strong></span> <span class='ocrx_word' id='word_1_4' title='bbox 1452 262 1496 301; x_wconf 89' lang='lat' dir='ltr'>c.</span> <span class='ocrx_word' id='word_1_5' title='bbox 1534 248 1764 302; x_wconf 82' lang='lat'>45—46.</span> <span class='ocrx_word' id='word_1_6' title='bbox 2427 233 2507 296; x_wconf 82' lang='lat'>29</span> 
     </span>
    </p>
   </div>
   <div class='ocr_carea' id='block_1_2' title="bbox 192 387 2623 2586">
    <p class='ocr_par' dir='ltr' id='par_1_2' title="bbox 192 387 2623 2586">
     <span class='ocr_line' id='line_1_2' title="bbox 195 387 2509 471; baseline 0.001 -19"><span class='ocrx_word' id='word_1_7' title='bbox 195 387 410 453; x_wconf 86' lang='lat' dir='ltr'>satiari</span> <span class='ocrx_word' id='word_1_8' title='bbox 443 387 621 452; x_wconf 88' lang='lat' dir='ltr'>vultu</span> <span class='ocrx_word' id='word_1_9' title='bbox 655 387 1108 470; x_wconf 87' lang='lat' dir='ltr'>complexuque</span> <span class='ocrx_word' id='word_1_10' title='bbox 1142 406 1269 454; x_wconf 91' lang='lat' dir='ltr'>non</span> <span class='ocrx_word' id='word_1_11' title='bbox 1300 387 1583 471; x_wconf 85' lang='lat' dir='ltr'>contigit.</span> <span class='ocrx_word' id='word_1_12' title='bbox 1634 387 2112 471; x_wconf 88' lang='lat' dir='ltr'>Excepissemus</span> <span class='ocrx_word' id='word_1_13' title='bbox 2137 393 2310 455; x_wconf 88' lang='lat' dir='ltr'>certe</span> <span class='ocrx_word' id='word_1_14' title='bbox 2331 407 2509 454; x_wconf 90' lang='lat' dir='ltr'>man·</span> 
     </span>
     <span class='ocr_line' id='line_1_3' title="bbox 194 491 2618 576; baseline 0.002 -20"><span class='ocrx_word' id='word_1_15' title='bbox 194 491 339 558; x_wconf 89' lang='lat' dir='ltr'>data</span> <span class='ocrx_word' id='word_1_16' title='bbox 383 511 714 574; x_wconf 86' lang='lat' dir='ltr'>vocesque,</span> <span class='ocrx_word' id='word_1_17' title='bbox 764 510 922 574; x_wconf 90' lang='lat' dir='ltr'>quas</span> <span class='ocrx_word' id='word_1_18' title='bbox 955 494 1207 576; x_wconf 90' lang='lat' dir='ltr'>penitus</span> <span class='ocrx_word' id='word_1_19' title='bbox 1239 493 1447 559; x_wconf 91' lang='lat' dir='ltr'>animo</span> <span class='ocrx_word' id='word_1_20' title='bbox 1477 491 1831 576; x_wconf 89' lang='lat' dir='ltr'>figeremus.</span> <span class='ocrx_word' id='word_1_21' title='bbox 1896 493 2131 560; x_wconf 82' lang='lat' dir='ltr'><strong>Noster</strong></span> <span class='ocrx_word' id='word_1_22' title='bbox 2170 494 2271 560; x_wconf 90' lang='lat' dir='ltr'>hic</span> <span class='ocrx_word' id='word_1_23' title='bbox 2312 493 2507 573; x_wconf 85' lang='lat' dir='ltr'>dolor,</span> <span class='ocrx_word' id='word_1_24' title='bbox 2548 510 2618 562; x_wconf 83' lang='lat'>20</span> 
     </span>
     <span class='ocr_line' id='line_1_4' title="bbox 192 598 2510 681; baseline 0 -17"><span class='ocrx_word' id='word_1_25' title='bbox 192 605 474 664; x_wconf 85' lang='lat' dir='ltr'>nostrum</span> <span class='ocrx_word' id='word_1_26' title='bbox 532 598 782 681; x_wconf 80' lang='lat' dir='ltr'>vulnuS,</span> <span class='ocrx_word' id='word_1_27' title='bbox 846 599 1028 665; x_wconf 90' lang='lat' dir='ltr'>nobis</span> <span class='ocrx_word' id='word_1_28' title='bbox 1085 606 1217 664; x_wconf 89' lang='lat' dir='ltr'>tam</span> <span class='ocrx_word' id='word_1_29' title='bbox 1272 600 1499 681; x_wconf 90' lang='lat' dir='ltr'>longae</span> <span class='ocrx_word' id='word_1_30' title='bbox 1560 600 1889 666; x_wconf 83' lang='lat' dir='ltr'><strong>absentiae</strong></span> <span class='ocrx_word' id='word_1_31' title='bbox 1950 600 2307 667; x_wconf 90' lang='lat' dir='ltr'>condicione</span> <span class='ocrx_word' id='word_1_32' title='bbox 2363 605 2510 665; x_wconf 90' lang='lat' dir='ltr'>ante</span> 
     </span>
     <span class='ocr_line' id='line_1_5' title="bbox 194 703 2511 789; baseline 0.001 -21"><span class='ocrx_word' id='word_1_33' title='bbox 194 703 673 785; x_wconf 85' lang='lat' dir='ltr'>quadriennium</span> <span class='ocrx_word' id='word_1_34' title='bbox 729 704 999 769; x_wconf 86' lang='lat' dir='ltr'>amissus</span> <span class='ocrx_word' id='word_1_35' title='bbox 1055 709 1173 772; x_wconf 90' lang='lat' dir='ltr'>est.</span> <span class='ocrx_word' id='word_1_36' title='bbox 1268 705 1498 770; x_wconf 88' lang='lat' dir='ltr'>Omnia</span> <span class='ocrx_word' id='word_1_37' title='bbox 1544 706 1678 771; x_wconf 90' lang='lat' dir='ltr'>sine</span> <span class='ocrx_word' id='word_1_38' title='bbox 1726 705 1944 784; x_wconf 91' lang='lat' dir='ltr'>dubio,</span> <span class='ocrx_word' id='word_1_39' title='bbox 2003 707 2239 788; x_wconf 86' lang='lat' dir='ltr'>optime</span> <span class='ocrx_word' id='word_1_40' title='bbox 2283 724 2511 789; x_wconf 90' lang='lat' dir='ltr'>paren-</span> 
     </span>
     <span class='ocr_line' id='line_1_6' title="bbox 193 809 2536 901; baseline 0.002 -28"><span class='ocrx_word' id='word_1_41' title='bbox 193 815 336 890; x_wconf 89' lang='lat' dir='ltr'>tum,</span> <span class='ocrx_word' id='word_1_42' title='bbox 384 809 720 875; x_wconf 82' lang='lat' dir='ltr'>adsidente</span> <span class='ocrx_word' id='word_1_43' title='bbox 766 811 1205 875; x_wconf 86' lang='lat' dir='ltr'>amantissima</span> <span class='ocrx_word' id='word_1_44' title='bbox 1251 828 1445 876; x_wconf 90' lang='lat' dir='ltr'>uxore</span> <span class='ocrx_word' id='word_1_45' title='bbox 1488 809 1861 893; x_wconf 84' lang='lat' dir='ltr'>superfuere</span> <span class='ocrx_word' id='word_1_46' title='bbox 1905 811 2124 877; x_wconf 89' lang='lat' dir='ltr'>honori</span> <span class='ocrx_word' id='word_1_47' title='bbox 2169 817 2309 876; x_wconf 88' lang='lat' dir='ltr'>tuo:</span> <span class='ocrx_word' id='word_1_48' title='bbox 2356 829 2536 901; x_wconf 3' lang='lat' dir='ltr'>pau-p</span> 
     </span>
     <span class='ocr_line' id='line_1_7' title="bbox 196 913 2511 997; baseline 0.001 -18"><span class='ocrx_word' id='word_1_49' title='bbox 196 913 463 980; x_wconf 88' lang='lat' dir='ltr'>cioribus</span> <span class='ocrx_word' id='word_1_50' title='bbox 516 921 733 979; x_wconf 85' lang='lat' dir='ltr'>tamen</span> <span class='ocrx_word' id='word_1_51' title='bbox 787 915 1057 980; x_wconf 82' lang='lat' dir='ltr'>lacrimis</span> <span class='ocrx_word' id='word_1_52' title='bbox 1114 916 1539 997; x_wconf 85' lang='lat' dir='ltr'>comploratus</span> <span class='ocrx_word' id='word_1_53' title='bbox 1599 933 1695 995; x_wconf 77' lang='lat' dir='ltr'>ee,</span> <span class='ocrx_word' id='word_1_54' title='bbox 1765 922 1827 982; x_wconf 93' lang='lat' dir='ltr'>et</span> <span class='ocrx_word' id='word_1_55' title='bbox 1873 917 2216 982; x_wconf 87' lang='lat' dir='ltr'>novissima</span> <span class='ocrx_word' id='word_1_56' title='bbox 2259 917 2324 982; x_wconf 93' lang='lat' dir='ltr'>in</span> <span class='ocrx_word' id='word_1_57' title='bbox 2370 915 2511 982; x_wconf 92' lang='lat' dir='ltr'>luce</span> 
     </span>
     <span class='ocr_line' id='line_1_8' title="bbox 194 1019 2620 1102; baseline 0.002 -18"><span class='ocrx_word' id='word_1_58' title='bbox 194 1019 627 1085; x_wconf 85' lang='lat' dir='ltr'>desideravere</span> <span class='ocrx_word' id='word_1_59' title='bbox 673 1020 911 1102; x_wconf 89' lang='lat' dir='ltr'>aliquid</span> <span class='ocrx_word' id='word_1_60' title='bbox 956 1020 1123 1086; x_wconf 91' lang='lat' dir='ltr'>oculi</span> <span class='ocrx_word' id='word_1_61' title='bbox 1169 1021 1280 1089; x_wconf 89' lang='lat' dir='ltr'>tui.</span> <span class='ocrx_word' id='word_1_62' title='bbox 2552 1040 2620 1090; x_wconf 85' lang='lat'>25</span> 
     </span>
     <span class='ocr_line' id='line_1_9' title="bbox 357 1125 2514 1209; baseline 0.001 -19"><span class='ocrx_word' id='word_1_63' title='bbox 357 1130 467 1192; x_wconf 84' lang='lat'>46.</span> <span class='ocrx_word' id='word_1_64' title='bbox 548 1125 617 1190; x_wconf 91' lang='lat' dir='ltr'>Si</span> <span class='ocrx_word' id='word_1_65' title='bbox 685 1126 824 1207; x_wconf 90' lang='lat' dir='ltr'>quis</span> <span class='ocrx_word' id='word_1_66' title='bbox 893 1126 1137 1208; x_wconf 88' lang='lat' dir='ltr'>piorum</span> <span class='ocrx_word' id='word_1_67' title='bbox 1201 1127 1491 1192; x_wconf 89' lang='lat' dir='ltr'>manibus</span> <span class='ocrx_word' id='word_1_68' title='bbox 1556 1126 1759 1208; x_wconf 86' lang='lat' dir='ltr'>locus,</span> <span class='ocrx_word' id='word_1_69' title='bbox 1828 1127 1912 1207; x_wconf 91' lang='lat' dir='ltr'>si,</span> <span class='ocrx_word' id='word_1_70' title='bbox 1987 1135 2061 1193; x_wconf 91' lang='lat' dir='ltr'>ut</span> <span class='ocrx_word' id='word_1_71' title='bbox 2124 1129 2514 1209; x_wconf 83' lang='lat' dir='ltr'>sapientibus</span> 
     </span>
     <span class='ocr_line' id='line_1_10' title="bbox 193 1230 2516 1316; baseline 0.002 -23"><span class='ocrx_word' id='word_1_72' title='bbox 193 1230 407 1314; x_wconf 86' lang='lat' dir='ltr'>placet,</span> <span class='ocrx_word' id='word_1_73' title='bbox 458 1251 584 1298; x_wconf 94' lang='lat' dir='ltr'>non</span> <span class='ocrx_word' id='word_1_74' title='bbox 631 1250 776 1297; x_wconf 88' lang='lat' dir='ltr'>cum</span> <span class='ocrx_word' id='word_1_75' title='bbox 823 1250 1087 1314; x_wconf 85' lang='lat' dir='ltr'>corpore</span> <span class='ocrx_word' id='word_1_76' title='bbox 1131 1232 1587 1315; x_wconf 87' lang='lat' dir='ltr'>extinguuntur</span> <span class='ocrx_word' id='word_1_77' title='bbox 1631 1251 1901 1314; x_wconf 86' lang='lat' dir='ltr'>magnae</span> <span class='ocrx_word' id='word_1_78' title='bbox 1946 1234 2210 1313; x_wconf 88' lang='lat' dir='ltr'>animae,</span> <span class='ocrx_word' id='word_1_79' title='bbox 2266 1233 2516 1316; x_wconf 84' lang='lat' dir='ltr'>placide</span> 
     </span>
     <span class='ocr_line' id='line_1_11' title="bbox 195 1337 2515 1420; baseline 0.001 -18"><span class='ocrx_word' id='word_1_80' title='bbox 195 1338 467 1417; x_wconf 86' lang='lat' dir='ltr'>quiescas</span> <span class='ocrx_word' id='word_1_81' title='bbox 514 1356 756 1420; x_wconf 88' lang='lat' dir='ltr'>nosque</span> <span class='ocrx_word' id='word_1_82' title='bbox 800 1344 861 1404; x_wconf 77' lang='lat' dir='ltr'>et</span> <span class='ocrx_word' id='word_1_83' title='bbox 905 1337 1157 1404; x_wconf 91' lang='lat' dir='ltr'>domum</span> <span class='ocrx_word' id='word_1_84' title='bbox 1204 1343 1380 1403; x_wconf 90' lang='lat' dir='ltr'>tuam</span> <span class='ocrx_word' id='word_1_85' title='bbox 1429 1338 1512 1404; x_wconf 89' lang='lat' dir='ltr'>ab</span> <span class='ocrx_word' id='word_1_86' title='bbox 1557 1337 1808 1404; x_wconf 89' lang='lat' dir='ltr'>infirmo</span> <span class='ocrx_word' id='word_1_87' title='bbox 1855 1339 2167 1404; x_wconf 90' lang='lat' dir='ltr'>desiderio</span> <span class='ocrx_word' id='word_1_88' title='bbox 2201 1343 2266 1404; x_wconf 88' lang='lat' dir='ltr'>et</span> <span class='ocrx_word' id='word_1_89' title='bbox 2297 1339 2515 1404; x_wconf 89' lang='lat' dir='ltr'>mulie-</span> 
     </span>
     <span class='ocr_line' id='line_1_12' title="bbox 194 1442 2511 1526; baseline 0 -17"><span class='ocrx_word' id='word_1_90' title='bbox 194 1444 398 1509; x_wconf 88' lang='lat' dir='ltr'>bribus</span> <span class='ocrx_word' id='word_1_91' title='bbox 457 1442 757 1508; x_wconf 89' lang='lat' dir='ltr'>lamentis</span> <span class='ocrx_word' id='word_1_92' title='bbox 822 1444 905 1509; x_wconf 90' lang='lat' dir='ltr'>ad</span> <span class='ocrx_word' id='word_1_93' title='bbox 965 1443 1563 1526; x_wconf 90' lang='lat' dir='ltr'>contemplationem</span> <span class='ocrx_word' id='word_1_94' title='bbox 1621 1444 1932 1509; x_wconf 87' lang='lat' dir='ltr'>virtutum</span> <span class='ocrx_word' id='word_1_95' title='bbox 1994 1451 2251 1509; x_wconf 89' lang='lat' dir='ltr'>tuarum</span> <span class='ocrx_word' id='word_1_96' title='bbox 2305 1462 2511 1524; x_wconf 80' lang='lat' dir='ltr'>voceS‚</span> 
     </span>
     <span class='ocr_line' id='line_1_13' title="bbox 195 1549 2620 1633; baseline 0 -18"><span class='ocrx_word' id='word_1_97' title='bbox 195 1568 338 1630; x_wconf 84' lang='lat' dir='ltr'>quas</span> <span class='ocrx_word' id='word_1_98' title='bbox 390 1568 602 1632; x_wconf 89' lang='lat' dir='ltr'>neque</span> <span class='ocrx_word' id='word_1_99' title='bbox 656 1550 857 1632; x_wconf 88' lang='lat' dir='ltr'>lugeri</span> <span class='ocrx_word' id='word_1_100' title='bbox 910 1568 1116 1632; x_wconf 90' lang='lat' dir='ltr'>neque</span> <span class='ocrx_word' id='word_1_101' title='bbox 1168 1550 1381 1633; x_wconf 86' lang='lat' dir='ltr'>plangi</span> <span class='ocrx_word' id='word_1_102' title='bbox 1439 1549 1538 1615; x_wconf 87' lang='lat' dir='ltr'>fas</span> <span class='ocrx_word' id='word_1_103' title='bbox 1598 1555 1712 1616; x_wconf 91' lang='lat' dir='ltr'>est.</span> <span class='ocrx_word' id='word_1_104' title='bbox 1806 1549 2240 1616; x_wconf 89' lang='lat' dir='ltr'>Admiratione</span> <span class='ocrx_word' id='word_1_105' title='bbox 2294 1557 2360 1616; x_wconf 92' lang='lat' dir='ltr'>te</span> <span class='ocrx_word' id='word_1_106' title='bbox 2404 1568 2516 1632; x_wconf 90' lang='lat' dir='ltr'>po·</span> <span class='ocrx_word' id='word_1_107' title='bbox 2589 1566 2620 1616; x_wconf 87' lang='lat'>5</span> 
     </span>
     <span class='ocr_line' id='line_1_14' title="bbox 194 1653 2514 1738; baseline 0 -19"><span class='ocrx_word' id='word_1_108' title='bbox 194 1656 306 1721; x_wconf 87' lang='lat' dir='ltr'>tius</span> <span class='ocrx_word' id='word_1_109' title='bbox 358 1659 428 1720; x_wconf 88' lang='lat' dir='ltr'>et</span> <span class='ocrx_word' id='word_1_110' title='bbox 482 1653 944 1721; x_wconf 85' lang='lat' dir='ltr'>immortalibus</span> <span class='ocrx_word' id='word_1_111' title='bbox 1000 1655 1295 1720; x_wconf 87' lang='lat' dir='ltr'>laudibus</span> <span class='ocrx_word' id='word_1_112' title='bbox 1354 1659 1434 1735; x_wconf 92' lang='lat' dir='ltr'>et,</span> <span class='ocrx_word' id='word_1_113' title='bbox 1495 1655 1552 1720; x_wconf 92' lang='lat' dir='ltr'>si</span> <span class='ocrx_word' id='word_1_114' title='bbox 1605 1660 1839 1720; x_wconf 85' lang='lat' dir='ltr'>natura</span> <span class='ocrx_word' id='word_1_115' title='bbox 1891 1655 2274 1738; x_wconf 89' lang='lat' dir='ltr'>suppeditet,</span> <span class='ocrx_word' id='word_1_116' title='bbox 2338 1655 2514 1720; x_wconf 80' lang='lat' dir='ltr'>simi-</span> 
     </span>
     <span class='ocr_line' id='line_1_15' title="bbox 195 1760 2517 1841; baseline 0 -15"><span class='ocrx_word' id='word_1_117' title='bbox 195 1761 454 1827; x_wconf 72' lang='lat' dir='ltr'>litudine</span> <span class='ocrx_word' id='word_1_118' title='bbox 522 1761 824 1826; x_wconf 89' lang='lat' dir='ltr'>colamus:</span> <span class='ocrx_word' id='word_1_119' title='bbox 900 1761 955 1826; x_wconf 91' lang='lat' dir='ltr'>is</span> <span class='ocrx_word' id='word_1_120' title='bbox 1019 1779 1207 1827; x_wconf 87' lang='lat' dir='ltr'>verus</span> <span class='ocrx_word' id='word_1_121' title='bbox 1282 1760 1513 1841; x_wconf 88' lang='lat' dir='ltr'>honos,</span> <span class='ocrx_word' id='word_1_122' title='bbox 1590 1779 1666 1826; x_wconf 91' lang='lat' dir='ltr'>ea</span> <span class='ocrx_word' id='word_1_123' title='bbox 1742 1761 2231 1827; x_wconf 89' lang='lat' dir='ltr'>coniunctissimi</span> <span class='ocrx_word' id='word_1_124' title='bbox 2308 1762 2517 1826; x_wconf 91' lang='lat' dir='ltr'>cuius-</span> 
     </span>
     <span class='ocr_line' id='line_1_16' title="bbox 197 1865 2516 1950; baseline -0.001 -18"><span class='ocrx_word' id='word_1_125' title='bbox 197 1886 304 1950; x_wconf 89' lang='lat' dir='ltr'>que</span> <span class='ocrx_word' id='word_1_126' title='bbox 347 1867 581 1949; x_wconf 88' lang='lat' dir='ltr'>pietas.</span> <span class='ocrx_word' id='word_1_127' title='bbox 673 1867 749 1932; x_wconf 87' lang='lat' dir='ltr'>Id</span> <span class='ocrx_word' id='word_1_128' title='bbox 791 1865 960 1933; x_wconf 87' lang='lat' dir='ltr'>filiae</span> <span class='ocrx_word' id='word_1_129' title='bbox 1006 1884 1255 1948; x_wconf 90' lang='lat' dir='ltr'>quoque</span> <span class='ocrx_word' id='word_1_130' title='bbox 1301 1868 1608 1949; x_wconf 83' lang='lat' dir='ltr'>uxorique</span> <span class='ocrx_word' id='word_1_131' title='bbox 1654 1868 2104 1949; x_wconf 88' lang='lat' dir='ltr'>praeceperim,</span> <span class='ocrx_word' id='word_1_132' title='bbox 2159 1867 2251 1932; x_wconf 90' lang='lat' dir='ltr'>sic</span> <span class='ocrx_word' id='word_1_133' title='bbox 2295 1867 2516 1948; x_wconf 89' lang='lat' dir='ltr'>patris,</span> 
     </span>
     <span class='ocr_line' id='line_1_17' title="bbox 196 1971 2515 2055; baseline 0 -18"><span class='ocrx_word' id='word_1_134' title='bbox 196 1974 277 2038; x_wconf 89' lang='lat' dir='ltr'>sic</span> <span class='ocrx_word' id='word_1_135' title='bbox 327 1974 547 2039; x_wconf 86' lang='lat' dir='ltr'>mariti</span> <span class='ocrx_word' id='word_1_136' title='bbox 609 1973 976 2038; x_wconf 87' lang='lat' dir='ltr'>memoriam</span> <span class='ocrx_word' id='word_1_137' title='bbox 1032 1973 1353 2055; x_wconf 88' lang='lat' dir='ltr'>venerari,</span> <span class='ocrx_word' id='word_1_138' title='bbox 1413 1977 1486 2038; x_wconf 91' lang='lat' dir='ltr'>ut</span> <span class='ocrx_word' id='word_1_139' title='bbox 1541 1974 1752 2038; x_wconf 91' lang='lat' dir='ltr'>omnia</span> <span class='ocrx_word' id='word_1_140' title='bbox 1805 1971 1976 2038; x_wconf 87' lang='lat' dir='ltr'>facta</span> <span class='ocrx_word' id='word_1_141' title='bbox 2032 1971 2324 2054; x_wconf 88' lang='lat' dir='ltr'>dictaque</span> <span class='ocrx_word' id='word_1_142' title='bbox 2380 1972 2515 2038; x_wconf 89' lang='lat' dir='ltr'>eius</span> 
     </span>
     <span class='ocr_line' id='line_1_18' title="bbox 197 2077 2623 2160; baseline -0.001 -15"><span class='ocrx_word' id='word_1_143' title='bbox 197 2097 393 2145; x_wconf 89' lang='lat' dir='ltr'>secum</span> <span class='ocrx_word' id='word_1_144' title='bbox 452 2078 817 2159; x_wconf 85' lang='lat' dir='ltr'>revolvant,</span> <span class='ocrx_word' id='word_1_145' title='bbox 887 2077 1283 2160; x_wconf 87' lang='lat' dir='ltr'>formamque</span> <span class='ocrx_word' id='word_1_146' title='bbox 1345 2097 1421 2144; x_wconf 89' lang='lat' dir='ltr'>ac</span> <span class='ocrx_word' id='word_1_147' title='bbox 1478 2077 1750 2160; x_wconf 86' lang='lat' dir='ltr'>figuram</span> <span class='ocrx_word' id='word_1_148' title='bbox 1818 2078 2012 2142; x_wconf 89' lang='lat' dir='ltr'>animi</span> <span class='ocrx_word' id='word_1_149' title='bbox 2072 2078 2272 2158; x_wconf 90' lang='lat' dir='ltr'>magis</span> <span class='ocrx_word' id='word_1_150' title='bbox 2329 2095 2513 2160; x_wconf 89' lang='lat' dir='ltr'>quam</span> <span class='ocrx_word' id='word_1_151' title='bbox 2558 2093 2623 2143; x_wconf 90' lang='lat'>10</span> 
     </span>
     <span class='ocr_line' id='line_1_19' title="bbox 197 2184 2517 2268; baseline 0 -20"><span class='ocrx_word' id='word_1_152' title='bbox 197 2184 467 2266; x_wconf 88' lang='lat' dir='ltr'>corporis</span> <span class='ocrx_word' id='word_1_153' title='bbox 515 2184 1042 2267; x_wconf 89' lang='lat' dir='ltr'>complectantur,</span> <span class='ocrx_word' id='word_1_154' title='bbox 1106 2203 1232 2250; x_wconf 92' lang='lat' dir='ltr'>non</span> <span class='ocrx_word' id='word_1_155' title='bbox 1279 2185 1428 2267; x_wconf 90' lang='lat' dir='ltr'>quia</span> <span class='ocrx_word' id='word_1_156' title='bbox 1473 2184 1990 2251; x_wconf 89' lang='lat' dir='ltr'>intercedendum</span> <span class='ocrx_word' id='word_1_157' title='bbox 2038 2189 2255 2268; x_wconf 90' lang='lat' dir='ltr'>putem</span> <span class='ocrx_word' id='word_1_158' title='bbox 2300 2184 2517 2265; x_wconf 88' lang='lat' dir='ltr'>imagi-</span> 
     </span>
     <span class='ocr_line' id='line_1_20' title="bbox 197 2289 2519 2374; baseline 0.001 -21"><span class='ocrx_word' id='word_1_159' title='bbox 197 2290 388 2371; x_wconf 80' lang='lat' dir='ltr'>nibuS,</span> <span class='ocrx_word' id='word_1_160' title='bbox 449 2308 616 2373; x_wconf 89' lang='lat' dir='ltr'>quae</span> <span class='ocrx_word' id='word_1_161' title='bbox 657 2308 972 2358; x_wconf 90' lang='lat' dir='ltr'>marmore</span> <span class='ocrx_word' id='word_1_162' title='bbox 1018 2297 1131 2356; x_wconf 88' lang='lat' dir='ltr'>aut</span> <span class='ocrx_word' id='word_1_163' title='bbox 1176 2309 1324 2356; x_wconf 90' lang='lat' dir='ltr'>aere</span> <span class='ocrx_word' id='word_1_164' title='bbox 1369 2289 1717 2374; x_wconf 87' lang='lat' dir='ltr'>finguntur,</span> <span class='ocrx_word' id='word_1_165' title='bbox 1762 2290 1892 2371; x_wconf 89' lang='lat' dir='ltr'>sed,</span> <span class='ocrx_word' id='word_1_166' title='bbox 1942 2296 2015 2356; x_wconf 92' lang='lat' dir='ltr'>ut</span> <span class='ocrx_word' id='word_1_167' title='bbox 2060 2290 2274 2356; x_wconf 87' lang='lat' dir='ltr'>vultus</span> <span class='ocrx_word' id='word_1_168' title='bbox 2319 2289 2519 2355; x_wconf 91' lang='lat' dir='ltr'>homi-</span> 
     </span>
     <span class='ocr_line' id='line_1_21' title="bbox 196 2395 2520 2478; baseline 0 -17"><span class='ocrx_word' id='word_1_169' title='bbox 196 2414 351 2477; x_wconf 90' lang='lat' dir='ltr'>num,</span> <span class='ocrx_word' id='word_1_170' title='bbox 409 2398 510 2463; x_wconf 90' lang='lat' dir='ltr'>ita</span> <span class='ocrx_word' id='word_1_171' title='bbox 568 2396 908 2463; x_wconf 90' lang='lat' dir='ltr'>simulacra</span> <span class='ocrx_word' id='word_1_172' title='bbox 966 2396 1178 2463; x_wconf 87' lang='lat' dir='ltr'>vultus</span> <span class='ocrx_word' id='word_1_173' title='bbox 1233 2397 1543 2463; x_wconf 89' lang='lat' dir='ltr'>imbecilla</span> <span class='ocrx_word' id='word_1_174' title='bbox 1601 2416 1677 2463; x_wconf 91' lang='lat' dir='ltr'>ac</span> <span class='ocrx_word' id='word_1_175' title='bbox 1736 2396 2033 2463; x_wconf 88' lang='lat' dir='ltr'>mortalia</span> <span class='ocrx_word' id='word_1_176' title='bbox 2077 2401 2255 2478; x_wconf 88' lang='lat' dir='ltr'>sunt,</span> <span class='ocrx_word' id='word_1_177' title='bbox 2317 2395 2520 2463; x_wconf 82' lang='lat' dir='ltr'>forma</span> 
     </span>
     <span class='ocr_line' id='line_1_22' title="bbox 197 2503 2518 2586; baseline 0 -21"><span class='ocrx_word' id='word_1_178' title='bbox 197 2504 410 2569; x_wconf 89' lang='lat' dir='ltr'>mentis</span> <span class='ocrx_word' id='word_1_179' title='bbox 469 2507 762 2582; x_wconf 86' lang='lat' dir='ltr'>aeterna,</span> <span class='ocrx_word' id='word_1_180' title='bbox 825 2520 1017 2585; x_wconf 90' lang='lat' dir='ltr'>quam</span> <span class='ocrx_word' id='word_1_181' title='bbox 1081 2509 1298 2569; x_wconf 90' lang='lat' dir='ltr'>tenere</span> <span class='ocrx_word' id='word_1_182' title='bbox 1360 2509 1427 2569; x_wconf 92' lang='lat' dir='ltr'>et</span> <span class='ocrx_word' id='word_1_183' title='bbox 1485 2503 1840 2586; x_wconf 86' lang='lat' dir='ltr'>exprimere</span> <span class='ocrx_word' id='word_1_184' title='bbox 1895 2520 2021 2568; x_wconf 93' lang='lat' dir='ltr'>non</span> <span class='ocrx_word' id='word_1_185' title='bbox 2073 2521 2188 2585; x_wconf 92' lang='lat' dir='ltr'>per</span> <span class='ocrx_word' id='word_1_186' title='bbox 2246 2503 2518 2567; x_wconf 89' lang='lat' dir='ltr'>alienam</span> 
     </span>
    </p>
   </div>
   <div class='ocr_carea' id='block_1_3' title="bbox 42 2589 2623 2691">
    <p class='ocr_par' dir='ltr' id='par_1_3' title="bbox 42 2589 2623 2691">
     <span class='ocr_line' id='line_1_23' title="bbox 42 2589 2623 2691; baseline -0.001 -18"><span class='ocrx_word' id='word_1_187' title='bbox 42 2589 45 2652; x_wconf 63' lang='grc' dir='ltr'><em>ἶ</em></span> <span class='ocrx_word' id='word_1_188' title='bbox 90 2612 93 2616; x_wconf 83' lang='grc'><strong>’</strong></span> <span class='ocrx_word' id='word_1_189' title='bbox 196 2610 521 2675; x_wconf 85' lang='lat' dir='ltr'>materiam</span> <span class='ocrx_word' id='word_1_190' title='bbox 568 2614 635 2675; x_wconf 92' lang='lat' dir='ltr'>et</span> <span class='ocrx_word' id='word_1_191' title='bbox 680 2614 902 2690; x_wconf 89' lang='lat' dir='ltr'>artem,</span> <span class='ocrx_word' id='word_1_192' title='bbox 951 2608 1063 2674; x_wconf 86' lang='lat' dir='ltr'>sed</span> <span class='ocrx_word' id='word_1_193' title='bbox 1108 2608 1238 2675; x_wconf 91' lang='lat' dir='ltr'>tuis</span> <span class='ocrx_word' id='word_1_194' title='bbox 1283 2610 1420 2691; x_wconf 88' lang='lat' dir='ltr'>ipse</span> <span class='ocrx_word' id='word_1_195' title='bbox 1466 2609 1746 2675; x_wconf 88' lang='lat' dir='ltr'>moribus</span> <span class='ocrx_word' id='word_1_196' title='bbox 1790 2609 2016 2691; x_wconf 90' lang='lat' dir='ltr'>possis.</span> <span class='ocrx_word' id='word_1_197' title='bbox 2092 2607 2405 2691; x_wconf 86' lang='lat' dir='ltr'>Quicquid</span> <span class='ocrx_word' id='word_1_198' title='bbox 2445 2627 2521 2674; x_wconf 85' lang='lat' dir='ltr'>ex</span> <span class='ocrx_word' id='word_1_199' title='bbox 2560 2621 2623 2672; x_wconf 83' lang='lat'>15</span> 
     </span>
    </p>
   </div>
   <div class='ocr_carea' id='block_1_4' title="bbox 196 2714 2626 3221">
    <p class='ocr_par' dir='ltr' id='par_1_4' title="bbox 196 2714 2626 3221">
     <span class='ocr_line' id='line_1_24' title="bbox 197 2714 2520 2798; baseline 0 -21"><span class='ocrx_word' id='word_1_200' title='bbox 197 2714 485 2796; x_wconf 84' lang='lat' dir='ltr'>Agricola</span> <span class='ocrx_word' id='word_1_201' title='bbox 527 2715 906 2795; x_wconf 85' lang='lat' dir='ltr'>amavimus,</span> <span class='ocrx_word' id='word_1_202' title='bbox 952 2715 1252 2798; x_wconf 88' lang='lat' dir='ltr'>quicquid</span> <span class='ocrx_word' id='word_1_203' title='bbox 1298 2715 1511 2781; x_wconf 90' lang='lat' dir='ltr'>mirati</span> <span class='ocrx_word' id='word_1_204' title='bbox 1566 2733 1803 2795; x_wconf 69' lang='lat' dir='ltr'>summi,</span> <span class='ocrx_word' id='word_1_205' title='bbox 1860 2719 2077 2780; x_wconf 90' lang='lat' dir='ltr'>manet</span> <span class='ocrx_word' id='word_1_206' title='bbox 2121 2731 2520 2780; x_wconf 88' lang='lat' dir='ltr'>mansurum-</span> 
     </span>
     <span class='ocr_line' id='line_1_25' title="bbox 197 2818 2522 2903; baseline -0 -17"><span class='ocrx_word' id='word_1_207' title='bbox 197 2836 307 2900; x_wconf 87' lang='lat' dir='ltr'>que</span> <span class='ocrx_word' id='word_1_208' title='bbox 359 2825 465 2887; x_wconf 83' lang='lat' dir='ltr'>est</span> <span class='ocrx_word' id='word_1_209' title='bbox 521 2820 590 2886; x_wconf 93' lang='lat' dir='ltr'>in</span> <span class='ocrx_word' id='word_1_210' title='bbox 644 2820 871 2886; x_wconf 89' lang='lat' dir='ltr'>animis</span> <span class='ocrx_word' id='word_1_211' title='bbox 933 2820 1258 2888; x_wconf 84' lang='lat' dir='ltr'>hominum</span> <span class='ocrx_word' id='word_1_212' title='bbox 1274 2872 1289 2903; x_wconf 92' lang='lat'>,</span> <span class='ocrx_word' id='word_1_213' title='bbox 1355 2821 1416 2886; x_wconf 94' lang='lat' dir='ltr'>in</span> <span class='ocrx_word' id='word_1_214' title='bbox 1478 2820 1856 2886; x_wconf 82' lang='lat' dir='ltr'>aeternitate</span> <span class='ocrx_word' id='word_1_215' title='bbox 1903 2824 2284 2903; x_wconf 90' lang='lat' dir='ltr'>temporum,</span> <span class='ocrx_word' id='word_1_216' title='bbox 2353 2818 2522 2885; x_wconf 82' lang='lat' dir='ltr'>fama</span> 
     </span>
     <span class='ocr_line' id='line_1_26' title="bbox 196 2924 2520 3008; baseline 0 -19"><span class='ocrx_word' id='word_1_217' title='bbox 196 2943 415 2998; x_wconf 84' lang='lat' dir='ltr'>rerum.</span> <span class='ocrx_word' id='word_1_218' title='bbox 522 2924 689 2991; x_wconf 85' lang='lat' dir='ltr'>Nam</span> <span class='ocrx_word' id='word_1_219' title='bbox 762 2925 996 2993; x_wconf 87' lang='lat' dir='ltr'>multos</span> <span class='ocrx_word' id='word_1_220' title='bbox 1071 2932 1361 2993; x_wconf 88' lang='lat' dir='ltr'>veterum</span> <span class='ocrx_word' id='word_1_221' title='bbox 1435 2926 1612 2992; x_wconf 85' lang='lat' dir='ltr'>velut</span> <span class='ocrx_word' id='word_1_222' title='bbox 1685 2924 1989 3008; x_wconf 88' lang='lat' dir='ltr'>inglorios</span> <span class='ocrx_word' id='word_1_223' title='bbox 2071 2929 2137 2990; x_wconf 91' lang='lat' dir='ltr'>et</span> <span class='ocrx_word' id='word_1_224' title='bbox 2209 2924 2520 3007; x_wconf 85' lang='lat' dir='ltr'>ignobiles</span> 
     </span>
     <span class='ocr_line' id='line_1_27' title="bbox 198 3031 2520 3116; baseline -0 -20"><span class='ocrx_word' id='word_1_225' title='bbox 198 3032 414 3098; x_wconf 85' lang='lat' dir='ltr'>oblivio</span> <span class='ocrx_word' id='word_1_226' title='bbox 487 3032 725 3098; x_wconf 88' lang='lat' dir='ltr'>obruit:</span> <span class='ocrx_word' id='word_1_227' title='bbox 796 3032 1090 3116; x_wconf 86' lang='lat' dir='ltr'>Agricola</span> <span class='ocrx_word' id='word_1_228' title='bbox 1159 3032 1520 3115; x_wconf 88' lang='lat' dir='ltr'>posteritati</span> <span class='ocrx_word' id='word_1_229' title='bbox 1582 3036 1883 3097; x_wconf 88' lang='lat' dir='ltr'>narratus</span> <span class='ocrx_word' id='word_1_230' title='bbox 1945 3039 2012 3097; x_wconf 87' lang='lat' dir='ltr'>et</span> <span class='ocrx_word' id='word_1_231' title='bbox 2077 3031 2351 3096; x_wconf 90' lang='lat' dir='ltr'>traditus</span> <span class='ocrx_word' id='word_1_232' title='bbox 2414 3049 2520 3096; x_wconf 90' lang='lat' dir='ltr'>su-</span> 
     </span>
     <span class='ocr_line' id='line_1_28' title="bbox 196 3137 2626 3221; baseline -0.003 -19"><span class='ocrx_word' id='word_1_233' title='bbox 196 3144 430 3221; x_wconf 88' lang='lat' dir='ltr'>perstes</span> <span class='ocrx_word' id='word_1_234' title='bbox 482 3137 626 3206; x_wconf 89' lang='lat' dir='ltr'>erit.</span> <span class='ocrx_word' id='word_1_235' title='bbox 2557 3145 2626 3195; x_wconf 88' lang='lat'>20</span> 
     </span>
    </p>
   </div>
   <div class='ocr_carea' id='block_1_5' title="bbox 1174 3542 1559 3556">
    <p class='ocr_par' dir='ltr' id='par_1_5' title="bbox 1174 3542 1559 3556">
     <span class='ocr_line' id='line_1_29' title="bbox 1174 3542 1559 3556; baseline 0.013 -4"><span class='ocrx_word' id='word_1_236' title='bbox 1174 3542 1359 3554; x_wconf 52' lang='lat' dir='ltr'>wmlvxae</span> <span class='ocrx_word' id='word_1_237' title='bbox 1372 3543 1460 3554; x_wconf 44' lang='grc' dir='ltr'>ΑΜ</span> <span class='ocrx_word' id='word_1_238' title='bbox 1466 3544 1559 3556; x_wconf 57' lang='lat' dir='ltr'>&#39;xlma</span> 
     </span>
    </p>
   </div>
  </div>
 </body>
</html>
