2992 4825
433 200 515 259 64
1370 212 1539 266 Liber
1574 212 1615 266 Ι.
1667 211 1795 280 Cap.
1833 214 1917 268 59.

537 353 693 417 ciem
724 353 1036 418 maluerit.
1126 372 1240 436 pro
1271 354 1532 420 iuventa
1577 360 1643 419 et
1674 373 1889 419 errore
1932 353 2044 420 filii
2075 356 2320 420 veniam
2360 372 2618 438 precor:
2666 352 2853 421 filiam

534 459 912 525 necessitate
955 458 1081 525 huc
1123 459 1459 524 adductam
1506 438 1728 526 fateor.
1822 467 2001 525 tuum
2046 462 2171 525 erit
2214 461 2597 540 consultare,
2645 467 2851 526 utrum

534 564 920 646 praevaleat,
984 566 1150 646 quod
1197 584 1272 630 ex
1320 566 1599 630 Arminio
1666 567 1955 648 concepit
2018 585 2099 631 an
2144 567 2314 647 quod
2379 587 2453 632 ex
2497 586 2602 631 me
2645 568 2854 647 genita

430 687 501 738 20
537 674 694 736 est.“
793 668 1027 736 Caesar
1071 670 1363 737 clementi
1410 688 1717 753 responso
1781 671 1996 736 liberis
2041 673 2533 754 propinquisque
2582 673 2726 738 eius
2767 675 2857 738 in·

535 774 978 856 columitatem,
1037 777 1155 857 ipsi
1219 777 1434 841 sedem
1480 781 1693 841 vetere
1753 776 1818 841 in
1866 777 2185 858 provincia
2231 776 2584 859 pollicetur.

2683 797 2854 843 exer·

537 880 729 945 citum
781 881 1031 945 reduxit
1084 898 1437 962 nomenque
1502 875 1904 963 imperatoris
1959 887 2219 947 auctore
2275 881 2524 948 Tiberio
2589 885 2851 967 accepit.

536 986 802 1050 Arminii
858 1005 1012 1051 uxor
1056 986 1251 1051 virilis
1313 1004 1498 1052 sexus
1548 988 1808 1069 stirpem
1867 985 2102 1051 edidit:
2167 986 2475 1052 educatus
2517 987 2850 1054 Ravennae

535 1109 693 1171 puer
736 1108 858 1172 quo
904 1109 1046 1157 mox
1098 1092 1372 1158 ludibrio
1420 1090 1819 1157 conflictatus
1866 1094 1968 1172 sit,
2033 1095 2097 1158 in
2143 1098 2427 1176 tempore
2474 1098 2843 1162 memorabo.

713 1202 816 1263 59.
893 1198 1088 1263 Fama
1133 1199 1326 1263 dediti
1381 1198 1774 1281 benigneque
1822 1200 2062 1281 excepti
2111 1198 2391 1287 Segestis
2437 1199 2730 1282 vulgata,
2795 1205 2854 1264 ut

534 1303 885 1384 quibusque
942 1302 1172 1368 bellum
1219 1304 1432 1369 invitis
1491 1310 1607 1369 aut
1668 1305 2064 1385 cupientibus
2112 1312 2270 1384 erat,
2335 1322 2449 1387 spe
2495 1305 2599 1370 vel
2644 1306 2852 1372 dolore

535 1409 856 1491 accipitur.
950 1409 1296 1474 Arminium
1329 1427 1518 1491 super
1562 1410 1816 1475 insitam
1846 1409 2211 1476 violentiam
2256 1416 2444 1493 rapta
2487 1429 2670 1492 uxor,
2725 1414 2855 1478 sub-

535 1514 736 1579 iectus
790 1514 1046 1578 servitio
1100 1516 1312 1579 uxoris
1369 1522 1588 1580 uterus
1635 1517 2005 1582 vaecordem
2069 1515 2363 1598 agebant,
2427 1517 2855 1599 volitabatque

467 1636 498 1686 5
535 1638 648 1701 per
695 1619 1066 1699 Cheruscos
1124 1638 1304 1686 arma
1347 1622 1412 1685 in
1459 1619 1802 1704 Segestem,
1849 1640 2028 1686 arma
2073 1622 2135 1686 in
2183 1620 2525 1687 Caesarem
2572 1622 2853 1705 poscens

535 1743 736 1806 neque
783 1726 1031 1807 probris
1075 1728 1508 1809 temperabat:
1556 1728 1880 1809 egregium
1926 1732 2191 1810 patrem,
2242 1746 2542 1811 magnum
2592 1731 2856 1810 impera-

534 1836 754 1910 torem,
802 1830 1028 1898 fortem
1060 1833 1419 1914 exercitum,
1466 1851 1736 1914 quorum
1782 1838 1880 1899 tot
1910 1850 2135 1898 manus
2181 1851 2375 1898 unam
2419 1835 2855 1901 mulierculam

537 1939 881 2005 avexerint.
973 1939 1092 2002 sibi
1136 1943 1268 2004 tres
1313 1938 1612 2019 legiones,
1659 1939 1923 2004 totidem
1955 1938 2199 2021 legatos
2247 1940 2700 2021 procubuisse3
2748 1959 2857 2005 non

535 2044 701 2109 enim
746 2061 816 2108 se
846 2044 1203 2126 proditione
1235 2062 1437 2125 neque
1481 2045 1787 2111 adversus
1832 2043 2095 2108 feminas
2127 2045 2441 2126 gravidas,
2487 2046 2609 2110 sed
2656 2046 2855 2125 palam

435 2169 500 2220 ιο
538 2148 843 2214 adversus
900 2154 1180 2214 armatos
1239 2149 1474 2214 bellum
1536 2156 1833 2215 tractare.
1925 2151 2097 2215 cerni
2142 2150 2352 2215 adhuc
2398 2147 2852 2217 Germanorum

535 2257 599 2321 in
653 2255 814 2321 lucis
867 2256 1050 2338 signa
1094 2256 1398 2335 Romana,
1463 2273 1626 2337 quae
1684 2257 1781 2321 dis
1836 2256 2060 2338 patriis
2108 2257 2532 2338 suspenderit.

2632 2256 2852 2323 coleret

536 2360 830 2445 Segestes
887 2361 1120 2427 victam
1178 2361 1400 2444 ripam,
1466 2362 1766 2428 redderet
1824 2360 1950 2428 filio
2013 2362 2438 2427 sacerdotium
2499 2362 2848 2427 hominum:

503 2576 586 2628 18.
611 2573 940 2638 necessitate,
970 2572 1038 2628 da
1064 2572 1144 2626 sie
1170 2570 1291 2626 dem
1309 2571 1588 2626 Arminius

429 2663 527 2716 mit
565 2661 775 2715 Gewalt
809 2661 1086 2715 entrissen
1121 2675 1248 2727 war,
1287 2660 1436 2715 nicht
1461 2659 1590 2715 frei-

429 2750 597 2816 willig
633 2755 855 2817 entsagt
892 2748 1065 2803 hatte.

497 2841 583 2893 21.
632 2842 801 2891 vetere
847 2836 909 2889 in
943 2834 1235 2905 provincia
1282 2836 1431 2889 kann
1484 2852 1589 2890 nur

432 2927 598 2981 dahin
619 2925 874 2993 gedeutet
891 2924 1129 2990 werden,
1154 2923 1274 2976 dass
1297 2924 1392 2978 das
1421 2924 1587 2979 links·

427 3015 740 3072 rheinische
764 3013 963 3068 Gebiet
999 3013 1183 3081 langst
1216 3011 1587 3066 unterworfen

428 3105 558 3173 (vgl.
596 3103 667 3158 K.
704 3105 771 3158 59
819 3102 1018 3156 victam
1056 3102 1255 3169 ripam)
1304 3100 1416 3155 und
1465 3100 1587 3155 dem

427 3191 732 3246 romischen
757 3190 949 3244 Staate
984 3188 1240 3244 formlich
1262 3187 1590 3245 einverleibt

427 3297 557 3336 war.
646 3280 865 3335 Andere
923 3279 1076 3334 lesen
1146 3278 1381 3345 Vetera5
1452 3277 1587 3332 aber

428 3367 750 3424 schwerlich
809 3368 996 3422 wurde
1058 3366 1178 3421 dem
1241 3356 1445 3434 Segest'
1496 3367 1588 3420 ein

426 3458 766 3512 bestimmter
785 3454 887 3510 Ort
903 3455 1274 3523 angewiesen;
1300 3452 1405 3521 vgl.
1426 3454 1496 3524 11,
1516 3455 1585 3507 63

427 3550 600 3598 tutam
637 3543 687 3597 ei
722 3584 768 3597 ..
806 3543 982 3597 sedem
1017 3543 1080 3595 in
1114 3542 1292 3596 Italia
1325 3541 1460 3598 fore.

497 3635 585 3689 24.
631 3630 930 3685 memorabo
974 3628 1118 3684 wohl
1163 3630 1220 3683 in
1267 3632 1443 3684 einem
1489 3629 1588 3685 der

431 3720 583 3775 nicht
618 3719 773 3773 mehr
812 3718 1130 3772 erhaltenen
1165 3719 1397 3776 Biicher.

498 3825 592 3895 59,
629 3829 678 3879 2.
735 3824 926 3878 invitis
963 3828 1063 3876 aut
1098 3822 1436 3890 cupientvhus
1467 3827 1589 3877 erat

430 3915 776 3970 Graecismus
797 3907 1172 3983 (ἀχθομένοις
1209 3906 1243 3981 ἢ
1281 3902 1589 3981 ἡδομένοις

429 3993 536 4073 ἦν),
575 4010 731 4058 sonet
752 4018 857 4057 nur
894 4000 1195 4067 beivolem‚
1233 4001 1335 4055 wie
1355 4000 1494 4068 Agr.
1522 4003 1590 4054 18

430 4090 624 4158 quibu-3
674 4090 871 4144 bellum
914 4088 1211 4143 volentibus
1257 4093 1406 4154 erat3
1460 4088 1587 4144 hist.

429 4180 529 4246 111,
582 4182 651 4235 43
703 4178 892 4232 ceteris
951 4191 1224 4230 remanere
1284 4175 1590 4231 volentibus

427 4265 552 4331 fuit.
593 4296 656 4303 —
707 4281 800 4334 spe
846 4265 928 4320 vel
972 4264 1174 4331 dolore,
1230 4263 1328 4320 der
1377 4263 1589 4319 modale

1696 2572 1820 2626 Abl.
1872 2572 2014 2627 ohne
2051 2571 2397 2641 Bekleidung
2444 2573 2500 2627 in
2550 2573 2658 2627 der
2710 2573 2850 2628 nach·

1694 2660 2039 2715 klassischen
2056 2661 2179 2714 Zeit
2201 2677 2255 2715 u.
2274 2661 2616 2716 namentlich
2641 2662 2732 2716 bei
2744 2663 2850 2716 Tac.

1766 2751 1815 2802 3.
1861 2763 2026 2816 super
2076 2748 2216 2802 nach
2256 2747 2376 2802 dem
2414 2748 2722 2819 Vorgange
2765 2765 2839 2804 von

1694 2836 1881 2891 Livius
1933 2836 2026 2905 (ΙΙ,
2063 2838 2130 2890 51
2168 2851 2332 2903 super
2367 2836 2557 2890 bellum
2587 2843 2836 2906 premente

1693 2926 1940 2992 annona)
1995 2929 2130 2978 statt
2170 2928 2410 2991 praeter,
2465 2925 2565 2979 wie
2618 2929 2754 2995 Agr.
2785 2927 2826 2978 ll

1693 3028 1736 3065 3.
1774 3013 2057 3078 virtutem3
2099 3010 2279 3065 Germ.
2316 3014 2386 3065 43
2422 3027 2592 3079 super
2632 3015 2791 3068 vires.

1764 3103 1815 3154 4.
1854 3105 2070 3153 uterus:
2109 3098 2293 3153 Kind.
2323 3127 2388 3138 —
2411 3100 2687 3157 volitare.-
2711 3102 2852 3170 keck,

1692 3203 1976 3256 verwegen
2011 3187 2107 3242 hin
2145 3187 2255 3242 und
2290 3187 2390 3243 her
2427 3189 2591 3249 eilen.

1764 3278 1816 3333 6.
1852 3275 2122 3345 eqreqium
2158 3275 2231 3335 K.
2265 3280 2351 3331 43.

1764 3367 1813 3418 8.
1850 3364 1958 3419 sibi
1995 3364 2091 3419 der
2118 3363 2245 3421 Dat.
2271 3380 2458 3419 comm.
2497 3365 2587 3421 bei
2606 3382 2856 3434 procum·

1693 3453 1814 3506 bere
1850 3452 1991 3507 auch
2013 3453 2141 3511 hist.
2163 3453 2258 3523 IV,
2283 3458 2361 3508 17.
2390 3482 2454 3491 —
2495 3458 2606 3508 bros
2632 3455 2854 3524 legiones

1693 3540 1781 3597 die
1810 3545 1909 3609 17.,
1938 3543 2020 3595 18.
2046 3541 2156 3595 und
2184 3544 2286 3611 19.,
2324 3540 2531 3596 welche
2556 3543 2635 3596 im
2660 3544 2851 3599 Teuto-

1691 3629 1894 3697 burger
1913 3629 2110 3684 Walde
2128 3629 2287 3684 ihren
2302 3629 2626 3699 Untergang
2643 3631 2854 3687 fanden.

1767 3739 1848 3790 10.
1886 3735 2079 3789 bellum
2102 3739 2344 3789 tractare
2369 3736 2513 3790 auch
2539 3736 2639 3804 VI,
2662 3741 2735 3792 44
2757 3736 2852 3792 und

1694 3824 1827 3880 hist.
1851 3824 1945 3892 IV,
1968 3827 2070 3887 73;
2108 3824 2215 3891 vgl.
2250 3839 2409 3877 arma
2444 3830 2694 3880 tractare
2729 3827 2854 3881 hist.

1696 3912 1796 3981 111,
1833 3915 1881 3966 9.

1769 4004 1851 4054 12.
1899 3999 2261 4054 sacerdotium
2309 3999 2399 4070 (K.
2440 4001 2536 4069 57)
2588 4001 2848 4055 hminum

1695 4088 1899 4144 bittere
1948 4088 2289 4157 Anspielung
2333 4087 2437 4143 auf
2478 4088 2570 4143 die
2618 4089 2712 4143 bei
2757 4090 2848 4144 den

1694 4177 1930 4231 Romern
1989 4176 2204 4233 fibliche
2265 4177 2689 4247 Vergotterung
2753 4190 2848 4230 von

1694 4264 2014 4323 Menschen.
