2992 4825
1012 237 1182 294 Liber
1216 241 1290 295 11.
1353 240 1484 309 Cap.
1520 243 1607 295 42.

2392 228 2515 290 119

77 395 188 460 que
230 376 530 458 quinque
560 378 774 446 liberis
805 385 1091 448 onustus.
1185 382 1299 448 sed
1328 383 1592 449 suberat
1635 381 1884 448 occulta
1912 378 2180 446 formido
2226 398 2414 463 repu-

84 483 350 549 tantibus
415 483 599 550 haud
652 503 1028 568 prosperum
1080 488 1148 553 in
1194 489 1405 555 Druso
1459 494 1647 570 patre
1696 488 1832 553 eius
1892 485 2174 552 favorem
2218 483 2410 566 vulgi,

84 588 456 653 avunculum
506 590 791 656 eiusdem
839 591 1213 658 Marcellum
1260 591 1680 674 flagrantibus
1726 592 1926 675 plebis
1973 591 2200 658 studiis
2244 591 2417 656 intra

84 695 386 759 inventam
436 700 758 777 ereptum,
825 699 1051 765 breves
1097 703 1165 764 et
1208 698 1522 765 infaustos
1567 698 1787 782 populi
1829 697 2099 764 Romani
2142 714 2410 765 amores.
2452 715 2518 769 15

233 803 343 865 42.
433 797 742 866 Ceterum
799 801 1092 869 Tiberius
1151 804 1403 871 nomine
1464 804 1825 871 Germanici
1886 809 2175 869 trecenos
2243 802 2415 884 plebi

89 906 397 971 sestertios
446 907 693 973 viritim
750 908 926 974 dedit
991 926 1188 990 seque
1253 910 1563 993 collegam
1622 910 1980 978 consulatui
2040 909 2175 975 eius
2221 908 2415 975 desti·

77 1037 78 1040 ¹
95 1011 250 1077 navit.

373 1029 513 1078 nec
571 1012 715 1079 ideo
782 1014 1069 1081 sincerae
1139 1017 1428 1082 caritatis
1497 1016 1688 1083 fidem
1755 1016 2098 1082 adsecutus
2166 1014 2414 1079 amoliri

77 1103 349 1182 *iuvenem
424 1119 646 1199 specie
715 1119 974 1187 honoris
1042 1124 1272 1187 statuit
1337 1123 1696 1204 struxitque
1765 1139 1997 1189 causas
2063 1127 2178 1186 aut
2245 1119 2412 1185 forte

91 1221 304 1287 oblatas
338 1224 653 1305 arripuit.
717 1242 830 1289 rex
860 1225 1208 1292 Archelaus
1237 1228 1874 1310 quinquagensimum
1906 1245 2143 1293 annum
2166 1223 2410 1307 Cappa·
2447 1244 2480 1295 5

92 1326 241 1392 decia
298 1328 707 1410 potiebatur,
771 1330 1010 1396 invisus
1066 1331 1338 1411 Tiberio,
1413 1333 1582 1416 quod
1641 1352 1787 1399 eum
1842 1332 2050 1398 Rhodi
2113 1336 2411 1415 agentem

77 1431 232 1498 nullo
290 1431 515 1500 officio
579 1435 901 1502 coluisset.
992 1456 1112 1504 nec
1158 1439 1225 1504 id
1271 1439 1626 1505 Archelaus
1686 1459 1801 1521 per
1846 1438 2210 1521 superbiam
2257 1435 2410 1500 omi-

77 1595 80 1652 ἱ

77 1523 252 1618 inerat,
300 1540 423 1604 sed
475 1541 563 1606 ab
608 1541 848 1607 intimis
898 1543 1172 1625 Augusti
1217 1546 1515 1625 monituS,
1564 1546 1715 1627 quia
1761 1543 2026 1610 florente
2057 1543 2216 1608 Gaio
2250 1539 2410 1607 Cae·

96 1659 210 1708 sare
237 1643 572 1726 missoque
617 1646 702 1710 ad
730 1665 837 1712 res
868 1648 1131 1714 orientis
1175 1650 1391 1714 intuta
1420 1649 1660 1716 Tiberii
1692 1650 1975 1716 amicitia
2006 1647 2406 1714 credebatur.

97 1753 151 1811 ut
187 1766 370 1813 versa
424 1748 781 1818 Caesarum
828 1752 1050 1818 subole
1094 1755 1429 1835 imperium
1475 1754 1747 1837 adeptus
1793 1760 1909 1835 est,
1958 1753 2135 1819 elicit
2171 1753 2408 1818 Arche·
2448 1771 2515 1823 ιο

98 1850 237 1917 laum
298 1857 539 1921 matris
596 1855 819 1932 literiS,
887 1876 1050 1938 quae
1114 1878 1245 1924 non
1308 1859 1725 1925 dissimulatis
1783 1859 1897 1925 filii
1956 1857 2407 1925 offensionibus

103 1957 471 2026 clementiam
533 1960 860 2041 offerebat,
924 1964 980 2029 si
1038 1963 1121 2030 ad
1175 1966 1563 2047 precandum
1622 1967 1889 2033 veniret.
1980 1965 2088 2029 ille
2141 1964 2409 2046 ignarus

114 2062 201 2127 (loli
242 2065 361 2145 vel,
412 2068 472 2131 si
525 2067 896 2149 intellegere
943 2069 1330 2151 crederetur,
1377 2072 1505 2136 vim
1550 2076 1838 2136 metuens
1884 2072 1950 2136 in
1998 2069 2220 2135 urbem
2264 2086 2408 2150 pro-

107 2177 283 2250 perat3
351 2180 792 2255 exceptusque
862 2175 1090 2240 immiti
1159 2195 1200 2241 a
1253 2178 1537 2259 principe
1606 2184 1673 2241 et
1731 2195 1877 2243 mox
1943 2180 2277 2242 accusatus
2341 2175 2408 2238 in
2479 2225 2491 2240 ,

102 2281 311 2355 senatu,
370 2296 513 2343 non
573 2280 654 2343 ob
715 2280 980 2345 crimina
1041 2299 1205 2363 quae
1247 2281 1669 2364 fingebantur,
1731 2283 1844 2348 sed
1891 2300 2146 2363 angore,
2214 2279 2407 2345 simul
2445 2298 2510 2350 15

169 2468 237 2520 12.
282 2470 524 2538 quinque
560 2470 748 2525 liberis
795 2471 961 2541 Nero,
1014 2474 1241 2544 Drusus,

103 2550 248 2609 Gaius
282 2556 557 2626 Caligula,
608 2560 934 2628 Agrippina,
983 2561 1240 2621 Drusilla.

105 2666 157 2677 —
177 2646 554 2709 reputantibus
591 2646 717 2705 Abl.
742 2649 844 2702 wie
872 2650 915 2718 I,
940 2651 990 2704 5.
1015 2651 1086 2704 29
1110 2667 1161 2703 ιι.
1188 2656 1239 2709 ὁ.

109 2727 389 2787 aufzulosen
429 2734 640 2802 ,indem
676 2737 837 2808 man‘,

160 2854 229 2910 13.
269 2853 331 2907 in
363 2856 567 2911 Druso
612 2859 812 2927 gehort
856 2861 1120 2916 vielmelu·
1167 2879 1239 2917 zu

106 2950 407 3010 prosperum,
447 2947 539 3001 als
565 2964 634 3000 zu
664 2948 927 3016 favorem,
965 2949 1035 3004 da
1063 2950 1239 3005 dieses

107 3022 138 3090 I,
157 3031 212 3081 33
238 3032 328 3085 mit
352 3033 415 3086 in
457 3035 571 3089 und
597 3035 718 3090 dem
744 3040 873 3092 Acc.
899 3038 1241 3093 konstruiert

106 3111 300 3187 ist(ng
338 3120 594 3191 dagegen
622 3123 762 3182 Vell.
800 3124 871 3193 11,
910 3129 1000 3191 43,
1041 3127 1072 3179 3
1112 3126 1238 3180 civi-

108 3201 212 3256 tatis
255 3205 315 3259 in
359 3224 421 3263 eo
464 3210 670 3281 favor).
762 3210 839 3265 In
887 3228 933 3268 c.
977 3211 1086 3271 abl.
1139 3229 1240 3267 zur

106 3285 457 3366 Bezeichnung
483 3297 582 3352 der
604 3298 835 3367 Person,
874 3315 944 3354 an
985 3300 1085 3355 der
1120 3300 1240 3354 sich

108 3381 244 3433 etwas
279 3384 429 3452 zeigt
467 3386 604 3441 oder
639 3387 924 3446 vollzieht.

159 3503 230 3555 14.
264 3508 599 3562 avunculum
633 3509 720 3563 als
743 3510 1097 3567 Halbbruder
1131 3527 1238 3566 von

106 3582 209 3731 ξετῙ
233 3591 437 3735 lgutter
499 3596 596 3652 des
656 3597 1015 3655 Germanicus
1030 3618 1045 3664 ;
1132 3601 1236 3670 vgl.

107 3720 236 3898 1.15’.
267 3784 477 3828 amores
513 3773 588 3828 im
623 3790 774 3843 pass.
807 3774 1004 3831 Sinne:
1048 3775 1236 3831 Liob·

129 3863 185 3904 ιιι
236 3870 281 3911 e.

162 3869 243 4012 ig,
279 3950 324 4003 1.
373 3947 592 4003 nomine
629 3947 959 4017 Germanici,
997 3948 1235 4006 welcher

111 4025 230 4082 aeine
278 4031 452 4093 Kasse
505 4038 596 4092 bei
651 4037 754 4093 der
804 4039 1080 4094 Meuterei
1137 4038 1234 4094 der

113 4106 336 4175 Soldaten
382 4124 446 4195 (I,
485 4125 578 4195 37)
622 4126 736 4180 und
780 4127 923 4182 nach
972 4126 1092 4182 dem
1137 4143 1233 4181 un-

113 4197 416 4268 elficklichen
432 4214 587 4284 Zuge
607 4228 679 4269 an
704 4215 796 4269 die
813 4214 1010 4270 Weser
1034 4214 1127 4285 (11,
1140 4214 1231 4284 26)

115 4293 354 4366 erschopft
396 4303 570 4359 hatte.
666 4302 1048 4372 Geldspenden
1095 4303 1232 4358 aber

1347 2474 1616 2542 gehorten
1660 2490 1786 2529 zum
1823 2466 2092 2543 Triumph
2141 2473 2282 2542 (Liv.
2316 2473 2386 2542 X,
2421 2474 2509 2527 46.

1347 2563 1464 2631 XL,
1504 2567 1591 2619 38.
1630 2563 1776 2631 xm,
1816 2565 1926 2631 13).

1418 2653 1468 2703 2.
1506 2649 1818 2704 consulatui
1852 2649 1943 2704 fur
1980 2648 2081 2705 das
2116 2650 2152 2704 J
2154 2649 2256 2704 ahr
2294 2652 2380 2704 18.

1388 2792 1451 2844 b.
1486 2793 1848 2845 Archelaus
1883 2791 2022 2844 und
2058 2791 2173 2843 der
2211 2791 2459 2844 orient.

1417 2899 1467 2950 5.
1509 2896 1864 2965 Cappadocia
1899 2896 2089 2951 wurde
2110 2912 2217 2951 von
2235 2894 2508 2950 Antonius

1346 2986 1490 3039 nach
1554 2986 1652 3040 der
1707 2985 2085 3053 Vertreibung
2145 2985 2243 3040 des
2297 2984 2507 3051 Konigs

1346 3074 1680 3128 Ariarathes
1740 3074 1814 3128 im
1869 3075 1920 3129 J.
1977 3075 2047 3128 36
2101 3091 2151 3132 v.
2199 3072 2328 3128 Chr.
2384 3071 2507 3126 dem

1345 3161 1653 3216 Archelaus
1661 3161 1988 3229 ubergeben.
2007 3161 2202 3217 Dieser
2211 3160 2508 3216 herrschte

1345 3248 1464 3302 also
1504 3249 1646 3303 beim
1685 3249 2231 3318 Regiorungsantritt
2277 3248 2374 3304 des
2413 3248 2506 3302 Ti-

1344 3336 1534 3391 berius
1574 3335 1747 3390 sehon
1784 3338 1855 3391 50
1889 3336 2081 3392 Jahre.

1416 3426 1466 3478 6.
1514 3423 1860 3491 potiebatur.-
1924 3439 2054 3492 ,war
2107 3424 2179 3477 im
2236 3423 2501 3489 Besitze‘3

1343 3510 1450 3578 vgl.
1486 3511 1584 3580 VI,
1619 3515 1691 3565 40
1731 3511 1999 3582 Tim-anes
2034 3511 2300 3566 Armenia
2335 3527 2506 3580 quon·

1344 3597 1471 3652 dam
1497 3599 1731 3666 potitus.
1769 3628 1837 3638 ——
1892 3598 2083 3654 Rhoda·
2114 3606 2360 3670 agentem
2394 3601 2501 3670 vgl.

1342 3702 1412 3741 zu
1446 3687 1489 3754 Ι,
1527 3691 1579 3742 4.

1413 3777 1462 3828 9.
1501 3774 1578 3828 ad
1612 3790 1702 3829 res
1737 3774 1982 3842 orientis,
2021 3776 2164 3832 nach
2200 3775 2269 3831 K.
2294 3779 2332 3829 4
2367 3791 2504 3830 com·

1331 3861 1624 3929 ponendae
1649 3861 1961 3918 Armeniae.
1991 3892 2057 3902 -
2094 3863 2312 3917 astutus
2335 3863 2502 3919 nach-

1337 3948 1633 4004 klassisch.

1415 4041 1499 4092 10.
1533 4053 1693 4091 versa
1713 4059 1779 4084 =
1800 4054 1992 4094 eversa
2015 4039 2160 4094 auch
2184 4039 2284 4105 III,
2304 4041 2391 4098 36.
2414 4041 2500 4098 54.

1338 4125 1462 4192 XII,
1498 4128 1570 4179 45
1618 4127 1760 4182 nach
1796 4126 1961 4195 Verg.
2000 4130 2140 4183 Aen.
2176 4129 2219 4197 1,
2257 4131 2326 4183 20
2362 4142 2504 4196 quae

1338 4218 1565 4269 verteret
1587 4229 1753 4268 arces.
1779 4242 1848 4254 --
1877 4214 2172 4271 Caesarum
2197 4216 2371 4273 Gaius.
2391 4216 2503 4273 und

1337 4302 1544 4359 Lucius
1557 4320 1573 4366 3
1610 4302 1717 4370 vgl.
1755 4303 1803 4369 Ι,
1837 4306 1888 4361 3.
