2992 4825
344 253 448 309 Die
487 254 728 308 Stamme
765 252 980 308 siidlich
1017 270 1139 309 vom
1177 254 1326 332 Main
1366 253 1478 309 und
1515 253 1615 307 anf
1646 253 1766 309 dem
1802 254 1990 308 linken
2028 248 2345 338 Rheinut'er.
2475 241 2559 301 45

103 396 422 476 quamvis
455 396 718 461 mutatis
751 395 1115 462 cultoribus,

1213 397 1334 462 Sed
1382 402 1595 460 utrum
1629 381 1916 461 Aravisci
1960 396 2026 461 in
2067 395 2452 461 Pannoniam

107 502 204 566 ab
258 499 404 566 Osis
471 499 950 585 [Germanorum
1009 500 1308 588 natione],
1371 521 1453 566 an
1503 500 1613 567 Osi
1676 503 1755 566 ab
1805 502 2119 566 Araviscis
2182 502 2249 565 in
2292 502 2452 568 Ger·
2497 513 2561 563 10

110 606 408 670 maniam
457 607 1034 690 commigraverint,
1101 617 1244 673 cum
1293 608 1513 671 eodem
1562 606 1767 672 adhuc
1811 625 2102 671 sermone
2149 607 2504 674 institutis

112 713 414 777 moribus
462 717 743 793 utantur,
791 715 1101 779 incertum
1148 721 1266 793 est,
1315 713 1463 794 quia
1511 714 1652 795 pari
1698 712 1843 777 olim
1890 713 2105 793 inopia
2147 731 2223 778 ac
2268 712 2454 778 liber-

113 821 268 883 tate
320 819 548 884 eadem
612 808 940 900 utriusque
1000 819 1178 901 ripae
1225 818 1393 886 bona
1455 819 1745 901 malaque
1791 824 1994 886 erant.
2085 818 2342 885 Treveri
2390 822 2453 885 et

121 923 351 989 Nervii
398 924 565 990 circa
609 922 1097 989 adfectationem
1148 924 1571 989 Germanicae
1616 924 1877 1006 originis
1923 924 2090 988 ultro
2138 924 2454 994 ambitiosi

119 1035 298 1110 sunt,
369 1025 690 1111 tamquam
754 1049 869 1111 per
914 1029 1078 1095 hanc
1136 1030 1401 1111 gloriam
1467 1031 1791 1112 sanguinis

1838 1048 1877 1095 a
1921 1029 2328 1095 similitudine
2389 1038 2454 1096 et
2496 1033 2559 1084 15

121 1136 358 1201 inertia
401 1135 730 1201 Gallorum
797 1143 1187 1218 separentur.
1278 1136 1489 1217 Ipsam
1537 1134 1740 1200 Rheni
1800 1137 2000 1217 ripam
2048 1134 2218 1200 haud
2264 1136 2452 1201 dubie
2535 1135 2544 1139 ⁴

125 1240 593 1306 Germanorum
657 1241 875 1325 populi
943 1242 1175 1323 colunt,
1243 1242 1605 1325 Vangiones
1650 1240 1903 1306 Triboci
1948 1240 2267 1307 Nemetes.
2357 1241 2453 1307 Ne

123 1347 279 1413 Ubii
347 1348 625 1429 quidem,
693 1354 1074 1430 quamquam
1138 1331 1424 1414 Romana
1471 1346 1718 1413 colonia
1774 1365 1913 1413 esse
1978 1349 2319 1414 meruerint
2379 1366 2454 1413 ac

123 1452 432 1518 libentius
482 1455 973 1536 Agrippinenses
1021 1456 1362 1519 conditoris
1408 1454 1508 1520 sui
1555 1455 1804 1520 nomine
1846 1461 2170 1533 vocentur,
2217 1454 2455 1533 origine

124 1559 533 1641 erubescunt,
598 1561 978 1640 transgressi
1024 1560 1175 1625 olim
1222 1566 1289 1625 et
1343 1562 1775 1643 experimento
1819 1560 1967 1625 fidei
2013 1579 2206 1641 super
2251 1560 2451 1640 ipsam
2489 1566 2559 1615 20

126 1663 336 1728 Rheni
382 1665 583 1746 ripam
632 1665 939 1744 collocati,
990 1672 1061 1731 ut
1108 1671 1415 1746 arcerent,
1466 1685 1590 1732 non
1636 1671 1709 1731 ut
1756 1667 2244 1731 custodirentur.

311 1775 414 1837 29.
464 1769 757 1835 Omnium
803 1770 1028 1836 harum
1076 1772 1359 1853 gentium
1406 1772 1643 1836 virtute
1692 1771 2013 1854 praecipui
2059 1771 2283 1836 Batavi
2328 1788 2452 1835 non

127 1876 403 1940 multum
451 1895 528 1942 ex
571 1877 732 1958 ripa,
804 1878 916 1940 scd
965 1877 1237 1942 insulam
1285 1877 1486 1943 Rheni
1536 1878 1743 1942 amnis·
1784 1876 2013 1956 colunt,
2078 1873 2454 1941 Chattorum

206 2128 287 2179 10.
328 2124 450 2177 Osis
474 2106 1120 2177 Germanorum-natione
1145 2125 1293 2178 steht

129 2215 188 2268 in
210 2212 606 2280 Widerspruch'
624 2213 723 2265 mit
757 2228 802 2266 c.
841 2215 937 2266 43:
981 2210 1117 2265 0303
1141 2213 1291 2265 Pavi-

126 2301 334 2354 mmica
368 2299 560 2368 linqua
595 2300 852 2368 coaryuit
876 2314 987 2352 non
1020 2315 1129 2353 esse
1157 2299 1290 2353 Ger-

126 2404 323 2450 manos·
361 2388 635 2443 undlal'st
673 2388 785 2442 sich
826 2375 928 2441 nur
963 2403 1292 2457 gezwungen

130 2478 295 2534 dahin
333 2478 608 2546 erklarem
630 2477 858 2531 Tacitus
879 2478 1018 2531 habe
1038 2477 1125 2531 die
1153 2477 1293 2532 Oser

128 2570 219 2623 ein
251 2554 434 2636 germ.
470 2566 611 2620 Volk
660 2573 920 2633 geminat,
978 2566 1126 2619 nicht
1174 2567 1292 2621 weil

129 2658 212 2712 sie
231 2654 474 2710 wirklich
495 2655 803 2709 Germanen
829 2670 1028 2722 waren,
1055 2654 1291 2727 sondern

129 2746 252 2801 weil
291 2745 368 2798 sie
405 2745 460 2796 in
499 2743 827 2797 Germanien
867 2744 1070 2798 sassen.
1099 2738 1161 2782 ⁴-
1188 2742 1292 2797 Die

132 2832 510 2888 Aravisker
547 2832 801 2886 wohnten
838 2832 911 2885 im
950 2832 1124 2885 nordl.
1154 2832 1289 2886 Pan-

132 2922 334 2975 nonien
368 2936 456 2974 am
494 2919 696 2987 Arabo,
733 2919 909 2973 einem
929 2918 1292 2974 Nebenflusse

132 3012 230 3065 der
271 3009 482 3075 Donau,
520 3007 606 3062 die
633 3008 798 3062 Oser
834 3008 1042 3062 auden
1070 3008 1290 3062 kleinen

132 3098 434 3177 Karpaten.

207 3209 287 3258 12.
362 3202 577 3270 inopia·
608 3218 674 3256 ac
718 3201 968 3255 libertate
1025 3232 1089 3239 —-
1148 3203 1292 3256 bona

136 3293 381 3360 malaque
417 3291 724 3345 Chiasmus.

210 3402 290 3453 13.
328 3377 486 3465 ripae
522 3412 595 3453 sc.
638 3397 887 3454 Danuvii.

213 3505 430 3558 Treveri
463 3520 534 3557 an
575 3504 670 3559 der
710 3504 906 3558 Mosel.

212 3615 290 3666 14.
328 3609 525 3665 Nervii
561 3627 657 3666 zw.
705 3610 863 3664 Maas
902 3609 1009 3664 und
1048 3609 1293 3664 Schelde.

205 3701 386 3753 circa.-
425 3699 491 3753 in
527 3697 869 3762 betreff‚
905 3698 1291 3752 hinsicht-

138 3789 302 3851 lich;
345 3786 502 3841 dafur
528 3803 623 3840 vor
650 3790 932 3855 Augustus
965 3787 1043 3852 in,
1080 3786 1163 3851 de,
1202 3787 1293 3841 ad.

207 3894 350 3948 ultro
388 3893 693 3946 ambitiosi.-
729 3895 808 3948 sie
845 3891 967 3948 sind
1016 3907 1116 3959 gar
1153 3893 1293 3946 ehr-

141 3983 395 4051 geizig
450 3972 659 4046 daraufi
716 3981 838 4035 ihre
896 3980 1327 4049 Abstammung.

140 4087 240 4126 von
277 4068 378 4123 den
417 4068 598 4122 Germ.
637 4084 705 4122 zu
742 4069 1068 4137 behaupten.

212 4162 288 4213 16.
342 4155 698 4210 similitudine
735 4157 866 4210 wird
919 4156 1089 4212 durch
1124 4162 1177 4210 et
1210 4157 1294 4209 in-

144 4246 276 4301 ertia
310 4246 485 4299 naher
522 4244 751 4302 erklart.
824 4246 938 4298 Zur
958 4245 1151 4298 ‘Sache
1185 4245 1293 4311 vgl.

145 4336 314 4404 Agric.
358 4340 447 4387 11:
513 4331 705 4388 Gallos
743 4376 755 4389 .
795 4377 808 4391 .
849 4376 860 4388 .
898 4349 1025 4387 mom
1057 4334 1295 4401 seqnitia

1401 2141 1520 2177 cum
1557 2126 1670 2178 otio
1706 2124 1959 2190 intravit,
2000 2124 2203 2177 amissa
2226 2123 2426 2178 virtute
2454 2129 2558 2190 pa-

1398 2214 1539 2267 riter
1574 2228 1639 2266 ac
1672 2214 1933 2268 libertate.
2249 2281 2252 2284 Ἴ

1473 2303 1555 2355 16.
1593 2302 1777 2369 ripam
1813 2302 1880 2354 im
1910 2301 2171 2356 weiteren
2205 2299 2385 2354 Sinne.
2456 2298 2559 2353 Die

1401 2391 1738 2460 Vangionen‚
1800 2390 2073 2445 Triboker
2128 2388 2239 2444 und
2291 2387 2559 2456 Nemeten

1399 2480 1653 2534 wohnten
1691 2480 1762 2533 im
1802 2479 1986 2534 Elsal‘s
2025 2478 2143 2545 und,
2173 2479 2229 2532 in
2267 2478 2364 2532 der
2385 2477 2558 2531 Psalz.

1402 2569 1491 2623 Sie
1525 2569 1845 2623 erscheinen
1879 2569 1949 2621 im
1971 2563 2147 2623 Heere
2173 2567 2269 2621 des
2291 2567 2558 2628 Ariovist3
2637 2620 2642 2623 .

1402 2658 1522 2711 Cas.
1560 2657 1612 2715 b.
1652 2658 1716 2712 G.
1754 2657 1795 2723 Ι,
1833 2660 1919 2722 51,
1958 2660 2008 2710 2.

1473 2749 1555 2800 18.
1593 2746 1903 2811 meruerint,
1957 2744 2077 2798 weil
2114 2737 2350 2799 sie'zum
2390 2745 2562 2797 Casar

1399 2834 1601 2888 hielten
1658 2833 1804 2900 (Cas.
1848 2834 1900 2887 b.
1950 2833 2011 2886 G.
2063 2831 2155 2901 1V‚
2191 2835 2253 2897 ὃς
2315 2837 2404 2900 11;
2465 2834 2560 2895 16;

1402 2924 1492 2988 19;
1536 2922 1628 2991 VI,
1664 2922 1773 2990 29).
1809 2937 2010 2983 merere
2046 2937 2090 2975 c.
2129 2920 2223 2975 inf.
2259 2921 2399 2977 auch
2432 2935 2559 2973 ann.

1399 3010 1546 3077 XIV,
1583 3013 1654 3064 48
1692 3027 1743 3064 u.
1787 3010 1902 3077 XV,
1941 3012 2024 3065 67.
2079 3009 2193 3064 Der
2217 3007 2562 3077 Konjunktiv

1398 3099 1538 3153 nach
1566 3096 1895 3165 quamquam
1917 3098 2008 3152 bei
2033 3097 2094 3152 T.
2134 3112 2272 3164 ganz
2307 3097 2560 3165 gewohn·

1398 3188 1526 3254 lich,
1582 3187 1680 3242 der
1719 3187 1833 3241 Ind.
1873 3188 1930 3240 in
1978 3186 2156 3241 dieser
2206 3184 2412 3239 Schrift
2459 3175 2562 3238 nur

1400 3292 1444 3330 c.
1482 3278 1569 3330 46.

1475 3367 1557 3418 19.
1614 3363 1917 3433 conditoris
1964 3363 2055 3415 sui
2110 3363 2231 3432 (das
2279 3362 2439 3415 Pron.
2477 3360 2560 3415 als

1401 3452 1535 3510 Gen.
1576 3453 1681 3507 obi.
1746 3450 2004 3519 gefasst),
2052 3451 2391 3519 Agrippina,
2458 3449 2560 3502 Ge·

1402 3541 1606 3595 mahlin
1646 3541 1741 3594 des
1779 3539 2010 3594 Kaisers
2049 3538 2326 3595 Claudius.

1472 3632 1556 3686 20.
1597 3629 1922 3696 transyressi
1956 3627 2083 3680 olim
2109 3635 2273 3681 unter
2299 3626 2562 3694 Agrippa,

1402 3718 1498 3785 qui
1528 3717 1790 3771 Ubiorum
1817 3721 2021 3784 yentem
2049 3715 2238 3769 Rheno
2260 3720 2561 3781 transqres-

1400 3821 1517 3858 sam
1552 3805 1614 3857 in
1647 3803 1808 3870 fidem
1846 3804 2071 3871 accepit.
2146 3805 2284 3856 Anu.
2313 3801 2437 3869 XII,
2475 3805 2561 3856 27.

1469 3892 1833 3960 experimento
1865 3893 2082 3959 fidei=
2101 3897 2325 3993 propter
2371 3896 2561 3958 exper-

1401 3990 1513 4036 tam
1550 3980 1727 4035 fidem.

1889 4069 1945 4122 C.
1982 4071 2067 4125 29.

1478 4161 1522 4209 1.
1560 4157 1799 4224 yentium
1819 4157 1942 4209 abb.
1965 4171 2069 4209 von
2088 4155 2380 4223 praecipui
2400 4156 2468 4221 (c.
2490 4154 2561 4225 6).

1473 4248 1522 4299 2.
1562 4260 1628 4298 ex
1666 4261 1766 4297 zur
1794 4244 2178 4311 Bezeichnung
2201 4244 2353 4300 eines
2392 4244 2561 4311 parti·

1401 4332 1984 4387 tiven.Verhaltnisses
2013 4331 2153 4386 nach
2178 4331 2417 4413 multavit,
2460 4332 2562 4385 wie
