2992 4825
324 1506 384 1554 1⁴22

324 3719 380 3767 15

316 4247 380 4295 ’ΞΗ

430 174 507 238 18
1164 187 1349 244 Taciti
1385 187 1644 256 Agricola
1683 204 1730 243 c.
1766 190 1995 244 23-25.

424 330 626 397 omnis
672 330 929 412 propior
972 330 1148 395 sinus
1191 329 1560 410 tenebatur,
1621 331 1950 396 summotis
2008 331 2183 396 velut
2227 331 2292 395 in
2341 328 2533 395 aliam
2578 329 2774 394 insu-

429 438 549 502 lam
601 436 900 502 hostibus

605 550 701 606 234.
772 542 1006 621 Quinto
1060 541 1529 623 expeditionum
1583 558 1748 606 anno
1813 558 1972 606 nave
2028 541 2236 624 prima
2296 545 2766 623 transgressae,

425 650 669 730 ignotas
717 647 799 714 ad
841 648 906 713 id
952 652 1200 729 tempus
1247 651 1469 728 gentes
1517 647 1758 713 crebris
1804 647 1993 713 simul
2034 667 2110 714 ac
2140 647 2467 730 prosperis
2496 645 2765 729 proeliis

429 754 693 826 domuit„
769 771 1030 835 eamque
1091 757 1340 835 partem
1408 752 1780 818 Britanniae
1848 771 2014 835 quae
2083 752 2453 820 Hiberniam
2522 752 2769 833 aspicit

429 862 617 938 copiis
669 859 958 924 instruxit
1003 858 1067 923 iu
1111 875 1287 940 spem
1333 858 1537 941 magis
1583 876 1773 940 quam
1821 857 1902 925 ob
1957 856 2375 938 formidinem,
2442 857 2762 939 siquidem

433 966 481 1026 H
493 966 733 1030 ibernia
765 964 965 1030 medio
997 965 1163 1029 inter
1194 962 1594 1029 Britanniam
1627 969 1820 1044 atque
1845 963 2219 1046 Hispaniam
2251 964 2379 1030 sita
2410 968 2478 1029 et
2508 961 2762 1029 Gallico

429 1090 673 1150 quoquc
733 1070 891 1135 mari
945 1074 1305 1152 opportuna
1366 1069 1860 1135 valentissimam
1923 1070 2169 1152 imperii
2211 1076 2462 1152 partem
2508 1069 2762 1151 magnis

429 1178 685 1242 invicfflu
737 1175 954 1242 usibus
999 1176 1336 1241 miscuerit.
1429 1174 1719 1257 Spatium
1766 1175 1930 1255 eius,
1986 1175 2041 1240 si
2085 1175 2453 1242 Britanniae
2500 1192 2761 1256 compa-

429 1294 621 1354 trum:
669 1281 1013 1362 angustius,
1072 1281 1274 1347 nostri
1319 1281 1512 1346 maris
1557 1280 1797 1346 insulas
1842 1285 2121 1363 superat.
2223 1279 2438 1347 Solum
2485 1281 2761 1346 caelum-

429 1406 545 1466 que
605 1394 665 1450 ct
729 1387 981 1469 ingenia
1042 1386 1377 1468 cultusque
1438 1386 1761 1452 hominum
1806 1386 1975 1453 haud
2022 1386 2291 1452 multum
2336 1403 2377 1451 a
2419 1386 2760 1451 Britannia

429 1494 725 1558 differunt
769 1491 835 1556 in
866 1493 1111 1560 meliuS.
1176 1491 1404 1558 Aditus
1443 1497 1790 1574 portusque
1822 1510 1937 1574 per
1967 1492 2342 1559 commercia
2373 1495 2438 1558 et
2468 1493 2758 1575 negotia-

425 1606 593 1662 tores
645 1597 897 1678 cogniti.
988 1596 1285 1679 Agricola
1329 1597 1658 1679 expulsum
1704 1598 2013 1664 seditione
2059 1598 2407 1665 domestica
2453 1615 2645 1663 unum
2676 1615 2759 1663 ex

425 1706 661 1786 regulis
729 1702 938 1786 gentis
1007 1708 1341 1784 exceperat
1410 1721 1487 1769 ac
1565 1704 1775 1785 specie
1842 1703 2161 1769 amicitiae
2225 1703 2290 1769 iu
2357 1703 2757 1770 occasionem

429 1810 761 1874 retineltiat.
850 1806 1054 1889 Saepe
1100 1827 1178 1874 ex
1224 1826 1299 1874 eo
1345 1808 1575 1886 audivi,
1623 1808 1870 1889 legione
1915 1828 2045 1875 una
2090 1814 2157 1873 et
2202 1809 2461 1874 modicis
2506 1809 2756 1874 auxiliis

425 1914 725 1978 dabellari
783 1912 1178 1995 obtinerique
1233 1914 1605 1980 Hiberniam
1662 1932 1876 1998 posse3
1941 1914 2129 1996 idque
2190 1915 2383 1980 etiam
2444 1915 2756 1981 adversus

356 2044 384 2078 ·
433 2022 817 2083 Britanniam
871 2017 1300 2100 profuturum,
1361 2020 1414 2085 si
1471 2018 1757 2086 Romana
1810 2019 2044 2103 ubique
2100 2039 2307 2100 arma,
2368 2024 2433 2085 et
2487 2021 2659 2086 velut
2715 2039 2753 2086 e

429 2130 765 2206 conspectu
809 2124 1072 2190 libertas
1117 2123 1468 2192 tolleretur.

605 2242 701 2294 :3:3.
753 2227 1053 2295 Ceterum
1097 2236 1363 2310 aestate,
1412 2248 1541 2311 qua
1586 2238 1837 2298 sextum
1884 2229 2073 2297 officii
2121 2250 2355 2297 annum
2394 2230 2752 2312 incohabat,

425 2338 749 2414 unmlexus
803 2335 1089 2401 civitates
1144 2340 1319 2400 trans
1376 2336 1745 2403 Bodotriam
1803 2337 1978 2418 sitaS,
2033 2337 2183 2419 quia
2237 2341 2445 2402 motus
2506 2337 2753 2402 univer-

425 2462 637 2506 sarum
689 2442 859 2507 ultra
903 2443 1185 2525 gentium
1232 2450 1307 2508 et-
1341 2441 1575 2508 infesta
1619 2444 1902 2510 hostibus
1950 2444 2260 2509 exercitus
2307 2444 2539 2510 itinera
2567 2444 2753 2509 time-

429 2550 685 2627 bantur,
753 2553 973 2631 portus
1032 2548 1235 2615 classe
1300 2548 1684 2631 exploravit3
1752 2568 1916 2631 quae
1977 2551 2057 2615 ab
2116 2549 2413 2631 Agricola
2479 2552 2752 2631 primum

429 2655 761 2735 aslsuumta
821 2654 888 2718 in
951 2657 1194 2735 partem
1256 2655 1485 2720 virium
1541 2656 1926 2736 sequebatur
1986 2655 2244 2738 egregia
2307 2656 2543 2740 specie,
2606 2674 2751 2721 cum

425 2763 609 2823 siuml
669 2767 840 2823 terra
891 2760 1081 2824 simul
1137 2761 1296 2825 mari
1350 2759 1587 2826 bellum
1643 2761 2097 2843 impelleretur,
2160 2779 2235 2826 ac
2296 2778 2490 2845 saepe
2547 2760 2751 2827 isdem

425 2867 649 2931 castris
705 2864 891 2947 pedes
937 2882 1253 2947 equesque
1301 2872 1366 2931 et
1412 2867 1705 2933 nauticus
1750 2866 1930 2932 miles
1970 2866 2147 2932 mixti
2180 2867 2375 2948 copiis
2408 2872 2473 2932 et
2503 2866 2754 2933 laetitia

425 2991 537 3035 suu
585 2975 848 3051 quisque
892 2968 1082 3049 facta,
1128 2989 1277 3037 suos
1325 2990 1512 3038 casus
1559 2971 1946 3051 attollerent,
1994 2991 2070 3037 ac
2114 2973 2301 3038 modo
2332 2972 2636 3038 silvarum
2675 2992 2751 3039 ac

429 3079 729 3139 muntium
761 3075 1090 3159 profunda,
1137 3077 1321 3142 modo
1354 3082 1806 3159 tempestatum
1840 3097 1915 3143 ac
1947 3076 2250 3143 fluctuum
2282 3078 2566 3160 adversa,
2603 3077 2753 3145 hinc

425 3191 593 3243 tort-u.
653 3191 713 3243 et
769 3181 983 3260 hostiS,
1040 3180 1186 3248 hinc
1241 3182 1444 3248 victus
1491 3181 1783 3249 Oceanus
1838 3183 2098 3249 militari
2144 3183 2452 3272 iactantia
2497 3201 2751 3273 compa-

425 3295 733 3355 rat-santur,
826 3287 1165 3354 Britannos
1222 3305 1501 3369 quoque,
1569 3294 1641 3353 ut
1696 3307 1771 3358 ex
1835 3290 2102 3371 captivis
2149 3288 2552 3369 audiebatur,
2615 3291 2753 3356 visa

425 3395 641 3455 classis
693 3390 1259 3476 obstupefaciebat,
1307 3401 1629 3475 tamquam
1676 3399 1898 3476 aperto
1946 3396 2136 3460 maris
2178 3396 2275 3461 sui
2324 3396 2751 3460 secreto-ulti-

425 3515 593 3559 mum
645 3498 820 3563 victis
866 3496 1224 3580 perfugium
1271 3498 1694 3566 clauderetur.
1770 3500 1870 3565 Ad
1905 3518 2129 3565 manus
2161 3505 2226 3564 et
2255 3519 2433 3565 arma
2465 3502 2787 3585 conversi,

425 3603 822 3667 Culmum-„1111
867 3602 1215 3669 incolentes
1261 3606 1494 3686 populi,
1543 3612 1773 3685 paratu
1819 3624 2067 3688 magno,
2126 3605 2363 3671 maiore
2407 3603 2597 3685 fama,
2654 3608 2752 3672 uti

425 3727 553 3771 mos
605 3719 697 3771 *fat
749 3709 823 3773 de
869 3709 1120 3791 ignotiS,
1171 3728 1539 3791 oppugnare
1589 3712 1757 3777 ultro
1805 3713 2065 3777 castella
2109 3712 2337 3793 adorti,
2390 3717 2630 3776 metum
2677 3720 2752 3780 ut

425 3823 835 3895 provocantes
899 3814 1303 3893 addiderant3
1371 3818 1979 3898 regrediendumque
2040 3818 2201 3883 citra
2255 3817 2621 3884 Bodotriam
2685 3824 2750 3885 et

425 3923 845 3985 excedendum
904 3922 1114 4002 potius
1162 3939 1350 4003 quam
1396 3922 1787 4004 pellerentur
1832 3924 2042 4005 ignavi
2088 3924 2297 4005 specie
2343 3923 2749 4005 prudentium

421 4027 871 4105 udunmebant,
935 4044 1075 4091 cum
1131 4027 1380 4092 interim
1438 4030 1761 4110 cognoscit
1815 4028 2017 4118 hostis
2061 4029 2345 4110 pluribus
2392 4029 2748 4111 agminibus

425 4135 804 4211 irruptum&
849 4150 924 4197 ac
969 4150 1049 4198 ne
1097 4139 1442 4214 superante
1487 4153 1750 4200 numero
1800 4141 1866 4201 et
1911 4135 2139 4217 peritia
2170 4137 2450 4202 locorum
2484 4136 2749 4201 circum-

425 4239 637 4315 iretur,
689 4238 887 4303 diviso
934 4245 1000 4303 et
1043 4238 1180 4319 ipse
1226 4239 1293 4302 in
1337 4240 1455 4304 tris
1501 4245 1718 4322 partes
1764 4242 2046 4307 exercitu
2091 4240 2367 4308 incessit.
