2992 4825
2447 240 2567 302 121

78 410 444 459 concesso
504 392 717 458 reditu
769 393 1075 475 petitione
1130 393 1441 459 honorum
1488 394 1817 475 abstinuit,
1877 395 2079 460 donec
2121 395 2288 460 ultro
2332 414 2468 462 am-

74 498 392 564 biretur
436 499 719 564 delatum
763 499 844 565 ab
877 499 1164 582 Augusto
1212 499 1610 565 consulatum
1656 501 1961 582 accipere.
2051 501 2166 566 sed
2211 505 2468 583 praeter

78 609 445 687 paternos
490 606 752 688 spiritus
797 607 1009 672 uxoris
1068 623 1321 688 quoque
1365 606 1706 672 Plancinae
1751 606 2085 673 nobilitate
2128 613 2195 672 et
2239 608 2466 689 opibus
2507 625 2573 677 15

86 711 645 790 accendebatur3
711 713 814 777 vix
856 711 1111 778 Tiberio
1156 712 1525 793 concedere,
1584 711 1823 778 liberos
1879 713 2015 777 eius
2071 717 2145 777 ut
2198 713 2468 778 multum

86 814 308 881 infra
340 817 731 899 despectare.
823 836 941 884 nec
987 818 1246 882 dubium
1285 817 1566 883 habebat
1612 836 1682 883 se
1731 817 2061 898 delectum,
2108 818 2219 900 qui
2248 817 2469 884 Suriae

88 923 581 1005 imponeretur
627 923 711 987 ad
753 940 898 1004 spes
943 922 1299 988 Germanici
1349 924 1750 989 coercendas.
1843 924 2169 989 credidere
2214 925 2469 1005 quidam

88 1030 294 1095 data
345 1033 412 1093 et
455 1047 496 1094 a
538 1028 791 1094 Tiberio
837 1027 1086 1093 occulta
1130 1028 1474 1108 mandata3
1536 1034 1603 1095 et
1648 1028 2016 1095 Plancinam
2061 1029 2235 1095 haud
2281 1031 2471 1095 dubie

93 1136 440 1218 Augusta
500 1135 747 1199 monuit
808 1133 1233 1199 aemulatione
1286 1135 1584 1200 muliebri
1629 1136 2040 1218 Agrippinam
2093 1135 2470 1201 insectandi.
2507 1154 2578 1204 20

96 1242 351 1306 divisa
394 1257 666 1322 namque
712 1244 781 1305 et
820 1239 1058 1305 discors
1102 1239 1254 1305 aula
1298 1244 1439 1305 erat
1483 1241 1699 1307 tacitis
1742 1242 1805 1306 in
1841 1241 2119 1306 Drusum
2164 1247 2277 1306 aut
2309 1240 2470 1307 Ger-

102 1348 464 1412 manicum
495 1346 745 1413 studiis.
811 1344 1100 1410 Tiberius
1145 1350 1220 1411 ut
1249 1346 1578 1428 proprium
1610 1350 1678 1412 et
1706 1347 1804 1411 sui
1834 1346 2161 1429 sanguinis
2193 1346 2471 1422 Drusum

99 1452 434 1520 fovebat:
520 1450 904 1517 Germanico
972 1450 1272 1516 alienatio
1342 1452 1559 1533 patrui
1628 1470 1903 1517 amorem
1980 1452 2148 1534 apud
2223 1457 2471 1518 ceteros

106 1562 430 1639 auxerat,
478 1563 547 1623 et
590 1558 741 1639 quia
786 1556 1164 1622 claritudine
1194 1558 1470 1622 materni
1513 1558 1765 1638 generis
1811 1558 2114 1639 anteibat,
2161 1576 2351 1624 avum
2382 1558 2469 1625 M.

109 1664 511 1745 Antonium,
557 1663 939 1728 avunculum
969 1663 1325 1744 Augustum
1369 1661 1600 1730 ferens.
1693 1668 1916 1728 contra
1947 1664 2153 1729 Druso
2197 1681 2471 1746 proavus
2505 1683 2577 1736 25

109 1787 339 1853 eques
383 1770 707 1835 Romanus
764 1768 1146 1851 Pomponius
1194 1768 1442 1834 Atticus
1499 1769 1808 1834 dedecere
1852 1767 2262 1834 Claudiorum
2315 1770 2472 1835 ima-

113 1877 323 1957 gines
380 1875 756 1940 videbatur:
821 1878 889 1939 et
944 1874 1215 1939 coniunx
1269 1872 1630 1940 Germanici
1673 1874 2025 1957 Agrippina
2079 1873 2472 1940 fecunditate

126 2001 211 2048 ac
258 1979 438 2046 fama
466 1980 706 2045 Liviam
756 1998 1014 2045 uxorem
1046 1979 1238 2044 Drusi
1267 1979 1718 2061 praecellebat.
1811 1982 1924 2046 sed
1954 1980 2188 2047 fratres
2218 1982 2472 2064 egregie

136 2089 493 2153 concordes
540 2093 605 2152 et
648 2086 1075 2168 proximorum
1123 2087 1574 2152 certaminibus
1617 2088 1991 2155 inconcussi.

322 2198 428 2260 44.
498 2191 632 2258 Nec
689 2191 890 2257 multo
951 2196 1096 2272 post
1140 2191 1388 2256 Drusus
1444 2193 1511 2256 in
1558 2192 1880 2275 Illyricum
1934 2194 2164 2259 missus
2219 2199 2336 2273 est,
2398 2198 2473 2258 ut

129 2305 471 2364 suesceret
525 2297 788 2362 militiae
834 2297 1170 2378 studiaque
1231 2298 1546 2362 exercitus
1592 2304 1885 2379 pararet3
1949 2299 2137 2364 simul
2181 2299 2470 2365 iuvenem

1066 251 1236 306 Liber
1270 253 1341 307 Π.
1397 251 1533 320 Cap.
1566 254 1655 310 44.

227 2495 310 2547 13.
367 2491 592 2546 ambiri.-
664 2506 1022 2560 angegangen
1084 2490 1305 2544 werden

134 2579 280 2650 (ng
318 2580 445 2636 dial.
470 2582 504 2635 9
539 2594 736 2649 royare
772 2579 918 2633 altro
957 2583 1008 2632 et
1046 2578 1275 2647 ambire)
1289 2596 1303 2642 ;

135 2685 248 2725 nur
283 2669 404 2724 hier
441 2685 490 2724 c.
528 2667 623 2722 inf.

217 2776 304 2829 14.
354 2774 699 2829 consulatum
747 2775 822 2828 im
867 2773 919 2828 J.
965 2776 1034 2828 23
1083 2790 1131 2827 v.
1182 2771 1309 2830 Chr.

139 2863 396 2933 zugleich
432 2863 533 2917 mit
569 2867 873 2931 Augustus.

220 2971 306 3024 15.
344 2968 669 3035 Plancinae,
711 2968 810 3022 der
846 2967 1087 3023 Tochter
1122 2967 1218 3021 des
1244 2967 1307 3021 L.

138 3057 429 3112 Munatius
466 3057 724 3124 Plancus,
775 3055 1011 3111 welcher
1059 3056 1176 3110 sich
1224 3055 1308 3111 als

140 3145 370 3200 Redner
422 3145 830 3213 auszeichnete,
893 3144 976 3198 die
1037 3143 1307 3198 hochsten

138 3233 520 3288 Staatsamter
549 3232 860 3288 bekleidete
895 3232 1007 3286 und
1044 3231 1183 3285 uber
1219 3231 1308 3286 die

140 3322 324 3376 Rater
349 3320 749 3389 triumphierte.
788 3320 885 3374 Ihr
912 3318 1127 3374 Bruder
1153 3321 1197 3388 I,
1224 3322 1309 3374 39.

219 3430 305 3484 17.
340 3426 497 3494 infra
544 3426 826 3482 κάνοι-ποίει
875 3425 969 3494 (st.
1023 3424 1180 3491 infra
1215 3409 1309 3492 ae),

143 3516 248 3570 wie
292 3516 337 3583 1,
376 3517 446 3569 68
493 3530 674 3583 super.
724 3543 794 3555 —
849 3513 1160 3581 despectare
1210 3511 1309 3567 das

140 3604 542 3673 Frequentativ
592 3603 732 3659 auch
768 3603 895 3658 hist.
934 3602 1006 3670 11,
1043 3604 1113 3656 30
1146 3614 1215 3653 ne
1256 3641 1269 3654 .
1295 3640 1311 3657 .

142 3693 623 3760 despectarentur3
696 3707 759 3748 so
819 3691 964 3746 auch
1022 3688 1164 3744 efter
1221 3704 1310 3742 sa-

143 3785 408 3849 spectare.

1413 2490 1612 2559 oheim‚
1661 2491 1731 2545 da
1768 2495 2049 2560 Augustus
2088 2491 2188 2546 der
2225 2492 2439 2547 Bruder
2477 2492 2578 2548 der

1414 2577 1660 2645 Octavia,
1700 2579 1799 2634 der
1825 2579 2017 2634 Gattin
2056 2580 2151 2635 des
2178 2580 2254 2638 M.
2282 2582 2577 2650 Antonius,

1415 2667 1514 2721 der
1540 2666 1913 2723 Grossmutter
1942 2668 2037 2723 des
2064 2667 2418 2724 Germanicus
2445 2684 2578 2727 wat.

1418 2785 1478 2794 —
1533 2755 1748 2822 ferens:
1797 2755 2150 2824 ‚aufweisen‘;
2205 2756 2312 2824 vgl.
2350 2757 2470 2826 XV,
2508 2759 2578 2812 35

1416 2843 1731 2912 Augustum
1766 2846 2000 2899 abavum
2031 2845 2255 2912 ferebat.
2282 2873 2348 2884 —-
2384 2844 2579 2899 Druso

1418 2932 1531 2987 dat.
1570 2933 1822 2990 incomm.

1484 3023 1572 3075 26.
1613 3020 1804 3089 Pomp.
1842 3021 2068 3075 Atticus
2104 3037 2218 3076 war
2256 3021 2578 3076 Grossvater

1415 3108 1515 3163 der
1542 3109 1825 3176 Vipsania,
1864 3108 1961 3164 der
1985 3109 2191 3163 Mutter
2228 3109 2322 3164 des
2347 3109 2577 3165 Drusus.

1485 3201 1573 3251 28.
1621 3196 1790 3251 Livia
1841 3197 1975 3251 oder
2011 3196 2222 3251 Livilla
2272 3197 2579 3252 Schwester

1417 3284 1513 3339 des
1554 3284 1940 3348 Germanicus;
1979 3300 2022 3342 s.
2061 3301 2132 3338 zu
2168 3285 2211 3351 Ι,
2239 3287 2289 3339 3.
2316 3314 2376 3323 -
2410 3299 2579 3352 prae-

1415 3371 1599 3426 cellere
1636 3388 1681 3427 c.
1718 3389 1829 3428 acc.
1868 3389 1968 3428 vor
2006 3373 2135 3430 Tac.
2171 3372 2431 3440 nirgends
2468 3373 2580 3428 und

1416 3460 1559 3515 auch
1622 3461 1709 3515 bei
1769 3461 1881 3515 ihm
1955 3468 2112 3515 sonst
2171 3477 2278 3514 nur
2338 3462 2578 3518 absolut.

1415 3549 1641 3604 Ebenso
1692 3549 2004 3603 antecellere
2053 3565 2098 3604 c.
2148 3564 2260 3605 acc.
2318 3550 2463 3619 XIV,
2511 3553 2580 3606 55

1415 3637 1527 3691 und
1563 3637 1693 3692 hist.
1727 3638 1798 3706 H,
1836 3641 1886 3696 3.

1488 3729 1578 3781 29.
1613 3726 1932 3781 inconcussi
1966 3728 2402 3784 nachklassisch.

219 3888 305 3940 20.
339 3885 551 3940 monuit
599 3887 696 3940 mit
732 3886 853 3941 dem
893 3884 1027 3942 Gen.
1065 3883 1193 3938 Ger.
1227 3882 1314 3935 in·
1421 3900 1472 3941 e.
1522 3888 1793 3939 Drusus.
1844 3888 2123 3940 Mambod
2158 3888 2296 3940 und
2331 3888 2582 3940 Armin.

146 3973 398 4027 sectandi
415 3989 515 4028 zur
537 3973 922 4041 Bezeichnung
940 3972 1035 4028 des
1051 3970 1313 4026 Zweckes

149 4068 292 4117 statt
309 4067 372 4116 ut
389 4062 751 4116 insectaretur
763 4061 1009 4132 (Schultz
1029 4060 1176 4130 §421
1194 4060 1286 4125 A.)
1293 4077 1308 4122 3

152 4166 217 4205 so
264 4167 366 4205 nur
414 4150 558 4205 noch
606 4150 794 4205 Donat
847 4150 1023 4219 praef.
1072 4149 1142 4204 ad
1189 4149 1315 4203 Ter.

157 4238 391 4308 Adelph.
429 4238 743 4292 admonitus
778 4237 1034 4293 abewndi.

228 4329 312 4381 25.
349 4326 674 4382 avunculum
703 4341 780 4382 sc.
803 4341 1085 4394 magnum:
1124 4325 1316 4380 Gross·

1797 3974 1936 4042 Kap.
1973 3977 2202 4030 44—46.

1489 4063 1586 4132 44,
1626 4067 1674 4120 1.
1710 4061 2007 4131 Illyricum
2038 4063 2083 4130 I,
2121 4065 2169 4117 5.

1490 4154 1543 4204 2.
1580 4163 1823 4205 fluescere
1875 4149 2097 4205 neutral
2151 4149 2296 4205 auch
2350 4149 2498 4218 XIV,
2543 4150 2582 4203 4

1414 4241 1668 4291 sueverat
1704 4278 1753 4291 ..
1790 4237 1921 4292 vehi.
1969 4238 2171 4293 Ausser
2204 4243 2390 4292 suetas
2425 4243 2583 4294 sonst

1422 4324 1481 4379 in
1520 4324 1621 4378 der
1659 4323 1830 4392 Rege]
1868 4340 1973 4379 nur
2010 4324 2340 4393 Composita.
