2992 4825
471 3791 476 3797 “
546 3799 600 3839 ιι.
638 3779 767 3834 Chr.
803 3784 1030 3834 curator
1064 3795 1354 3847 aquarum.
1806 3780 1875 3834 da
1902 3780 1997 3834 der
2015 3780 2496 3849 Zusammenhang
2520 3798 2597 3836 an
2625 3783 2722 3837 das
2745 3777 2891 3834 nachst·

558 236 642 299 82
1425 246 1594 302 Liber
1630 205 1672 306 i.
1729 167 1863 316 cal:
1898 250 1983 306 76.
2021 249 2105 304 77.

554 433 560 442 ·
662 389 956 473 cupidine
1020 389 1376 454 severitatis
1442 389 1512 454 in
1578 390 1655 455 iis
1724 390 1914 455 etiam
1978 408 2145 472 quae
2204 389 2328 455 rite
2381 388 2614 455 faceret
2679 390 2848 453 acerb

659 495 828 560 unde
885 495 1081 560 ceteri
1142 494 1461 559 silentium
1510 499 1576 560 et
1619 500 2056 576 paupertatem
2116 494 2489 560 confessioni
2541 500 2607 558 et
2668 490 2884 558 benefi'

556 620 621 673 15
657 616 1105 683 praeposuere.
1697 620 1708 630 ·

839 709 942 771 76.
1021 704 1259 771 Eodem
1305 722 1470 769 anno
1519 706 1830 771 continuis
1875 706 2183 771 imbribus
2230 712 2454 772 auctus
2497 704 2744 771 Tiberis
2782 723 2818 786 p

657 812 831 877 urbis
877 817 1318 908 stagnaverat;
1364 810 1754 877 relabentem
1800 818 2019 877 secuta
2064 818 2164 878 est
2195 811 2623 878 aedificiorum
2672 816 2740 876 et
2773 811 2841 875 ho

657 936 808 982 num
863 922 1124 999 strages.
1216 917 1410 999 igitur
1469 919 1718 984 censuit
1776 919 2031 984 Asinius
2079 919 2303 984 Gallus
2361 925 2434 983 ut
2487 919 2637 983 libri
2695 917 2795 984 Sib
2861 917 2870 928 '

657 1022 1000 1090 adirentur.
1065 1022 1274 1086 renuit
1310 1022 1622 1100 Tiberius,
1668 1025 1933 1106 perinde
1965 1025 2172 1090 divina
2202 1024 2612 1105 humanaque
2642 1024 2900 1104 obtegam

584 1147 619 1201 5
655 1128 769 1194 sed
813 1128 1161 1193 remedium
1208 1129 1541 1194 coercendi
1587 1127 1861 1195 fluminis
1894 1130 2078 1196 Ateio
2110 1130 2402 1212 Capitoni
2449 1135 2515 1194 et
2557 1128 2632 1193 L.
2685 1126 2896 1193 Arnmtiu

644 1226 1042 1298 mandatum.
1137 1231 1443 1298 Achaiam
1490 1252 1567 1299 ac
1613 1233 2045 1300 Macedoniam
2091 1253 2286 1300 onera
2330 1234 2742 1316 deprecantis
2779 1229 2892 1295 lenti

653 1338 723 1404 in
786 1355 1114 1422 praesens·
1175 1338 1611 1419 proconsulari
1678 1341 1940 1422 imperio
2014 1341 2306 1423 tradique
2381 1338 2654 1406 Caesari
2727 1337 2878 1420 placa

655 1444 917 1509 edendis
973 1442 1452 1526 gladiatoribuS,
1521 1463 1676 1525 quos
1723 1444 2086 1511 Germanici
2144 1444 2361 1511 fratris
2422 1464 2501 1510 ac
2562 1462 2689 1510 suo
2736 1442 2874 1509 ιιοιιῖι

654 1549 993 1627 obtulerat,
1067 1548 1316 1613 Drusus
1379 1550 1719 1631 praesedit,
1791 1568 2170 1633 quamquam
2237 1550 2348 1616 vili
2415 1551 2738 1632 sanguine
2792 1547 2886 1613 nimi

550 1677 618 1728 10
655 1656 970 1739 gaudens;
1016 1655 1183 1736 quod
1229 1654 1302 1718 in
1350 1655 1570 1735 vulgus
1614 1654 2091 1722 formidolosum
2137 1662 2202 1723 et
2245 1662 2428 1740 pater
2474 1657 2769 1739 arguisse
2803 1653 2891 1719 (lior

652 1761 860 1828 batur.
956 1778 1064 1824 cur
1126 1760 1508 1825 abstinuerit
1560 1762 1923 1843 spectaculo
1985 1765 2138 1845 ipse,
2201 1761 2377 1827 varie
2434 1761 2801 1838 trahebant,
2842 1757 2896 1821 ali

653 1866 867 1932 taedio
918 1870 1155 1944 coetus,
1219 1865 1474 1946 quidam
1521 1867 1782 1932 tristitia
1842 1869 2079 1951 ingenii
2138 1873 2203 1933 et
2247 1872 2426 1932 metu
2484 1864 2870 1949 conparatio'

564 2044 569 2049 ,
652 1971 803 2053 quia
848 1971 1174 2052 Augustus
1237 1972 1495 2035 comiter
1540 1972 1948 2039 interfuisset.
2045 1991 2166 2037 non
2215 1972 2598 2039 crediderim
2651 1972 2735 2037 ad
2771 1973 2890 2035 osten·

560 2068 568 2077 *
651 2076 913 2146 tandam
974 2075 1307 2140 saevitiam
1367 2077 1832 2159 movendasque
1895 2077 2113 2160 populi
2173 2076 2553 2144 offensiones
2619 2091 2886 2145 concffisan

555 2204 616 2255 15
653 2179 781 2248 filio
827 2183 1175 2261 materiem,
1223 2199 1602 2264 quamquam
1650 2184 1716 2248 id
1762 2202 2009 2266 quoque
2058 2186 2292 2250 dictum
2342 2191 2461 2250 est.

835 2294 936 2354 77.
987 2290 1071 2350 At
1118 2287 1356 2352 theatri
1407 2289 1680 2369 licentia,
1728 2292 2015 2372 proximo
2060 2292 2271 2372 priore
2320 2308 2489 2356 anno
2539 2298 2786 2371 coepta,
2819 2302 2870 2368 gl*

650 2392 790 2457 vius
850 2398 983 2457 tum
1046 2393 1276 2474 erupit,
1346 2394 1567 2459 occisis
1630 2414 1756 2460 non
1817 2396 2002 2462 modo
2065 2415 2101 2462 e
2148 2394 2329 2477 plebe
2383 2396 2502 2462 sed
2551 2395 2876 2461 militibust

652 2499 1036 2576 centurione,
1093 2498 1427 2564 vulnerato
1474 2500 1731 2565 tribuno
1777 2502 2135 2583 praetoriae
2182 2501 2481 2579 cohortiS,
2550 2502 2711 2567 dum
2751 2499 2882 2582 probra

655 2607 720 2669 in
767 2606 1180 2688 magist-ratus
1228 2611 1294 2670 et
1341 2606 1792 2672 dissensionem
1838 2607 2015 2688 vulgi
2058 2606 2418 2690 prohibent.
2512 2613 2736 2673 actum
2773 2605 2826 2670 de
2850 2617 2880 2664 ει

617 2818 700 2871 13.
755 2816 999 2882 acerbus,
1056 2814 1235 2869 indem
1289 2830 1352 2869 er
1407 2816 1496 2870 bei
1555 2816 1704 2872 allen
1810 2817 1960 2886 XIII,
1998 2819 2094 2882 493
2136 2817 2262 2875 hist.
2301 2817 2374 2887 11,
2399 2817 2529 2886 95);
2571 2818 2723 2873 auch
2752 2812 2875 2871 beic’ia

548 2903 691 2958 ohne
730 2902 1097 2958 Unterschied
1148 2904 1204 2955 in
1242 2902 1704 2972 schonungsloser
1809 2921 1862 2973 p.
1902 2905 2045 2959 Mur.
2084 2909 2172 2974 32,
2208 2908 2296 2960 67.

547 2990 736 3046 Weise
773 2990 876 3045 den
914 2991 1202 3046 Nachweis
1239 2990 1499 3048 forderte.
1878 2997 1929 3051 9.
1968 3008 2297 3062 quamquam
2330 2992 2538 3060 gehort
2575 3010 2655 3049 zu
2691 2991 2789 3048 vili.

1316 3133 1327 3144 ,
1363 3134 1374 3145 ,
1519 3134 1530 3145 ‚
1880 3084 1962 3135 10.
1987 3080 2417 3147 formidolosum,
2431 3096 2549 3135 was
2570 3099 2646 3135 zu
2664 3070 2881 3148 ergimen‘?

620 3131 712 3202 76,
750 3135 805 3188 2.
858 3136 1120 3200 staynare
1156 3137 1427 3199 transltiv,
1466 3149 1565 3186 wne
1603 3132 1699 3187 Ov.
1884 3173 1945 3222 Π
2000 3167 2329 3222 abstinuerit
2386 3169 2531 3223 perf
2571 3169 2682 3224 wie
2708 3167 2882 3221 Κῶ.-

547 3226 675 3301 met.
713 3218 832 3289 XV,
868 3223 974 3275 269
1009 3225 1272 3289 staynata
1298 3219 1619 3288 paludibus.
1805 3209 2094 3310 trahebant
2128 3255 2197 3310 K·
2233 3209 2417 3310 62'-
2458 3210 2569 3310 algu.
2607 3273 2686 3312 sc·
2722 3251 2883 3309 dioew

611 3329 664 3382 4.
699 3326 885 3381 renuit
921 3326 1027 3395 vgl.
1064 3342 1135 3379 zu
1171 3326 1240 3379 K.
1276 3329 1310 3379 2
1346 3325 1599 3380 abnuere.
1631 3353 1700 3365 —
1806 3345 2156 3401 abstinuisse·

543 3413 801 3482 obtegens,
866 3412 936 3468 da
990 3428 1051 3467 er
1109 3412 1268 3467 einen
1324 3412 1493 3468 leicht
1553 3412 1701 3467 miss·
1880 3435 1963 3486 12,
2000 3431 2237 3485 trigtitia
2252 3430 2465 3500 inyemi
2488 3401 2650 3487 steht
2672 3433 2742 3487 im
2757 3430 2885 3494 Gega-

541 3499 938 3569 zudeutenden,
1000 3499 1112 3553 ihm
1174 3499 1347 3555 selbst
1402 3500 1546 3555 wohl
1602 3517 1701 3569 gar
1806 3525 1956 3575 ηαδ
1993 3535 2063 3572 zu
2099 3519 2334 3573 comiter·

543 3589 917 3657 ungunstigen
938 3586 1155 3657 Spruch
1179 3586 1436 3642 furchten
1463 3589 1698 3644 mochte.
1877 3607 1968 3676 77,
2008 3609 2055 3658 1,
2118 3611 2181 3659 at
2216 3606 2522 3660 vel-mitten
2562 3608 2686 3662 hier
2721 3620 2812 3659 „m-
2836 3599 2888 3654 der

614 3695 663 3747 5.
717 3690 912 3745 Ateius
965 3689 1160 3759 Capito
1214 3707 1317 3745 von
1378 3696 1446 3747 13
1496 3694 1578 3747 bis
1627 3697 1698 3750 23
1805 3680 2118 3761 &bergang
2141 3693 2419 3761 —priore
2436 3694 2650 3750 konnte
2668 3688 2889 3748 fortfallen.

613 3871 663 3924 7.
707 3866 964 3934 tradique
1008 3865 1254 3933 Caesari,
1306 3868 1393 3922 bei
1430 3867 1528 3922 der
1563 3867 1698 3924 Ver·
1803 3867 2056 3936 folgende
2118 3869 2152 3923 J
2156 3868 2258 3922 ahr
2321 3869 2476 3924 nicht
2542 3870 2752 3925 denken
2804 3862 2860 3918 lis

540 3955 834 4024 wandlung
893 3955 948 4008 in
1006 3954 1342 4010 kaiserliche
1394 3956 1698 4011 Provinzen
1804 3955 1927 4023 Vgl.
1952 3955 2073 4011 Cic.
2112 3973 2193 4014 or.
2216 3960 2301 4011 *64
2333 3958 2634 4023 proximus
2667 3952 2876 4024 superior·

539 4050 736 4112 mogen
790 4043 1020 4111 gewisse
1076 4040 1375 4110 Abgaben,
1421 4042 1699 4098 vielleicht
1873 4047 1924 4100 2.
1978 4060 2006 4096 e
2043 4043 2213 4111 plebe,
2270 4060 2400 4098 man
2456 4046 2610 4101 kann
2662 4039 2887 4098 hominum

541 4149 613 4188 an
653 4130 752 4185 das
788 4130 1079 4197 aerarium,
1116 4129 1472 4197 fortgefallen
1510 4129 1643 4185 sein.
1802 4129 1939 4185 oder
1972 4129 2114 4184 vivis
2150 4130 2557 4191 hinzudenken.

610 4221 662 4274 8.
705 4217 1041 4288 yladiatores
1089 4217 1147 4271 in
1195 4217 1549 4287 Verbindung
1593 4217 1697 4273 mit
1872 4220 1923 4273 3.
1954 4217 2275 4285 praetoriae
2298 4219 2561 4286 cohortis,
2590 4220 2783 4276 welche
2802 4208 2886 4268 nach

538 4306 689 4361 edere
713 4306 844 4360 oder
868 4305 1001 4360 dare
1021 4322 1128 4362 von
1153 4304 1261 4361 den
1285 4305 1506 4375 Spielen
1544 4308 1693 4374 (ann.
1800 4305 1956 4375 XIII,
2002 4309 2073 4360 24
2129 4305 2257 4362 den⁴
2292 4307 2517 4376 Spielen
2575 4304 2886 4364 beizuwohnen
