2992 4825
491 231 622 293 126
1344 242 1511 297 Liber
1546 243 1618 301 11.
1674 242 1804 311 Cap.
1842 244 1930 301 49.
1968 245 2053 297 50.

600 385 971 467 cuiusquam
1027 384 1185 449 adiit
1239 384 1359 449 nisi
1413 403 1558 450 cum
1617 384 1901 450 amicitia
1944 386 2308 452 meruisset:
2367 386 2636 468 ignotos
2684 390 2748 449 et
2790 387 2897 453 aliis

597 490 876 558 infensos
920 508 1120 572 eoque
1150 490 1497 572 principem
1529 495 1967 572 nuncupantes
2012 491 2230 573 procul
2263 492 2554 558 arcebat.
2653 497 2893 558 ceterum

489 618 564 669 10
598 604 675 663 ut
716 597 1046 662 honestam
1090 596 1519 662 innocentium
1568 602 2011 678 paupertatem
2057 596 2311 676 levavit,
2373 599 2464 663 ita
2514 596 2817 679 prodigos
2853 606 2895 665 et

600 703 682 768 ob
748 702 992 784 flagitia
1058 708 1335 783 egenteS,
1411 702 1734 767 Vibidium
1801 703 2171 781 Varronem,
2249 704 2529 768 Marium
2607 701 2892 784 Nepotem,

601 809 874 890 Appium
905 808 1279 889 Appianum,
1314 804 1678 872 Cornelium
1707 805 1968 889 Sullam,
2001 807 2074 885 Q.
2107 807 2434 874 Vitellium
2464 807 2682 872 movit
2711 813 2893 874 senatu

603 918 717 978 aut
762 919 987 995 sponte
1031 913 1256 978 cedere
1303 929 1533 995 passus
1580 918 1696 979 est.

777 1024 882 1085 49.
929 1019 1137 1084 Isdem
1167 1019 1560 1100 temporibus
1607 1018 1792 1083 deum
1841 1019 2031 1083 aedes
2065 1022 2395 1084 vetustate
2440 1023 2565 1083 aut
2612 1017 2745 1100 igni
2784 1018 2890 1083 abo-

599 1123 746 1189 litas
801 1134 1182 1207 coeptasque
1245 1125 1327 1190 ab
1373 1126 1664 1206 Augusto
1728 1124 2064 1204 dedicavit,
2126 1126 2360 1190 Libero
2405 1124 2805 1205 Liberaeque
2845 1129 2890 1188 et

601 1228 819 1296 Cereri
876 1231 1054 1295 iuxta
1113 1231 1352 1295 circum
1410 1230 1769 1309 maximum,
1837 1248 2027 1311 quam
2085 1232 2161 1296 A.
2224 1229 2599 1295 Postumius
2664 1229 2887 1296 dictator

600 1345 878 1415 voverat,
942 1337 1288 1418 eodemque
1350 1338 1415 1401 in
1478 1335 1617 1401 loeo
1662 1336 1890 1402 aedem
1936 1334 2164 1400 Florae
2226 1336 2307 1400 ab
2353 1336 2557 1401 Lucio
2608 1339 2674 1400 et
2719 1335 2886 1401 Marco

522 1462 564 1513 5
601 1442 901 1507 Publiciis
959 1441 1268 1508 aedilibus
1316 1442 1748 1521 constitutam,
1813 1447 1879 1506 et
1923 1443 2075 1507 lano
2133 1441 2461 1523 templum,
2530 1441 2704 1523 quod
2759 1441 2883 1523 apud

601 1547 804 1614 forum
850 1548 1211 1613 holitorium
1259 1545 1329 1614 C.
1379 1547 1628 1612 Duilius
1677 1552 2014 1626 struxerat,
2077 1548 2186 1628 qui
2230 1548 2474 1628 primus
2524 1565 2663 1611 rem
2709 1537 2901 1611 Roma?

601 1672 751 1719 nam
808 1672 1111 1735 prospere
1166 1653 1330 1717 mari
1392 1654 1591 1736 gessit
1645 1652 2161 1735 triumphumque
2219 1653 2514 1718 navalem
2579 1652 2659 1717 de
2699 1651 2875 1716 Poenis

603 1760 853 1825 meruit.
945 1759 1092 1841 Spei
1149 1759 1336 1825 aedes
1397 1778 1437 1824 a
1503 1757 1880 1824 Germanico
1944 1764 2266 1823 sacratur:
2333 1759 2500 1824 hanc
2564 1759 2637 1822 A.
2703 1756 2901 1822 Atilius

601 1868 863 1930 voverat
908 1864 1122 1930 eodem
1170 1863 1357 1930 bello,
2058 1885 2067 1892 ·

781 1975 884 2038 50.
975 1969 1395 2035 Adolescebat
1461 1969 1709 2034 interea
1774 1969 1876 2035 lex
1943 1969 2311 2035 maiestatis.
2417 1975 2485 2033 et
2559 1966 2897 2050 Appuleiam,

602 2075 928 2156 Varillam,
983 2076 1220 2141 sororis
1266 2075 1538 2156 Augusti
1603 2080 1878 2157 neptem,
1941 2076 2090 2156 quia
2148 2075 2476 2157 probrosis
2536 2073 2862 2139 sermonibus

604 2181 816 2247 divum
860 2183 1216 2264 Augustum
1274 2199 1349 2247 ac
1390 2181 1713 2247 Tiberium
1769 2187 1833 2246 et
1877 2184 2145 2246 matrem
2205 2180 2345 2245 eius
2397 2180 2725 2246 inlusisset
2760 2176 2851 2242 Ga»

1833 2394 1883 2447 5.
1922 2389 2192 2445 Publiciis
2217 2389 2505 2459 aedilibus,
2544 2388 2740 2444 welche
2766 2383 2847 2441 auth

1763 2485 1948 2534 zuerst
1965 2483 2065 2534 241
2087 2495 2136 2533 v.
2154 2479 2283 2533 Chr.
2307 2479 2392 2533 die
2405 2478 2661 2533 Floralia
2678 2476 2852 2531 feiertea
2896 2488 2899 2525 ἰ

570 2396 621 2450 8.
657 2393 770 2448 nisi
806 2408 926 2447 cum
973 2392 1079 2461 vgl.
1119 2392 1164 2460 Ι,
1199 2394 1266 2447 33
1315 2390 1429 2445 nisi
1479 2390 1658 2460 quod;

502 2482 681 2539 Germ.
718 2486 752 2535 2
796 2482 908 2534 nisi
944 2481 1009 2535 si.
1061 2509 1120 2520 —
1178 2481 1455 2535 meruisset
1492 2481 1656 2550 Konj.

501 2570 600 2625 der
637 2569 1082 2636 Wiederholung.
1133 2598 1199 2606 —
1253 2569 1402 2636 aliis,
1453 2569 1658 2624 welche

491 2657 930 2726 Erbansprficbe
966 2657 1175 2711 hatten.

571 2748 620 2801 9.
659 2746 896 2811 arcebat,
934 2745 1114 2799 indem
1138 2759 1200 2799 er
1225 2744 1325 2799 auf
1342 2745 1462 2799 ihre
1487 2744 1659 2801 letzte

489 2834 1033 2899 Willenserklarung
1067 2833 1218 2887 nicht
1256 2833 1491 2901 einging.

575 2926 656 2976 12.
710 2920 771 2990 Q.
821 2920 1112 2986 Vitellium,
1171 2920 1267 2975 des
1318 2921 1545 2976 Kaisers
1594 2925 1660 2975 A.

502 3010 766 3064 Vitellius
778 3009 989 3078 Oheim,
1002 3008 1660 3076 dessenAusschliessung

502 3113 602 3153 aus
643 3098 764 3152 dem
800 3096 1004 3152 Senate
1042 3097 1184 3152 auch
1221 3096 1441 3151 Sueten.
1473 3097 1586 3152 Vit.
1624 3100 1657 3150 2

498 3186 784 3240 berichtet.
874 3186 975 3239 Die
1028 3185 1257 3253 ubrigen
1321 3184 1445 3240 sind
1504 3186 1659 3240 nicht

497 3274 674 3328 naher
710 3273 966 3340 bekannt.

702 3413 841 3486 Καρ.
877 3411 963 3470 49.
1012 3412 1460 3486 wempelbauten.

574 3524 622 3575 1.
686 3520 835 3587 iqui,
893 3520 966 3572 im
1020 3519 1072 3574 J.
1127 3522 1192 3573 31
1253 3535 1303 3573 v.
1360 3518 1488 3574 Chr.
1549 3534 1663 3572 war

497 3608 832 3663 namentlich
858 3608 953 3662 der
979 3606 1350 3675 Cerestempel
1386 3605 1532 3661 nach
1557 3606 1661 3659 Dio

493 3697 565 3766 L,
604 3698 672 3750 10
706 3695 1019 3753 verbrannt.

572 3788 624 3839 2.
660 3789 880 3851 coeptas
927 3784 971 3850 Ι,
1009 3786 1078 3837 50
1113 3782 1224 3836 und
1262 3786 1349 3837 54.
1386 3811 1455 3822 —
1490 3781 1663 3835 Liber

500 3873 611 3927 und
645 3871 851 3926 Libera
898 3871 1040 3925 nach
1077 3870 1189 3927 Cic.
1244 3876 1355 3925 nat.
1395 3870 1444 3924 d.
1482 3871 1557 3938 II,
1593 3872 1666 3924 24

497 3960 712 4015 Kinder
758 3959 854 4013 der
893 3957 1067 4013 Ceres.
1140 3959 1265 4013 Alle
1303 3958 1423 4013 drei
1469 3959 1663 4013 hatten

497 4064 611 4102 nur
661 4047 818 4102 einen
855 4046 1082 4115 Tempel
1130 4046 1273 4114 (Liv.
1307 4047 1407 4115 111,
1444 4049 1532 4116 55,
1570 4047 1658 4116 7);

493 4135 678 4191 daher
713 4150 890 4203 quam.

574 4226 625 4277 3.
661 4222 980 4276 Postumius
1017 4221 1257 4276 dictator
1302 4222 1374 4276 im
1410 4222 1663 4278 Latiner-

495 4310 726 4379 kriege3
762 4310 879 4366 Liv.
915 4311 985 4379 ΙΙ,
1026 4313 1110 4379 19,
1149 4314 1200 4369 3.

1766 2568 1904 2625 Vell.
1925 2569 1967 2633 1,
1994 2571 2075 2625 14.
2103 2597 2172 2606 —
2196 2566 2342 2621 Iano
2366 2567 2630 2635 templum
2652 2582 2711 2618 zu
2733 2570 2849 2616 unter-

1766 2656 2024 2711 scheiden
2071 2672 2178 2709 von
2235 2654 2359 2710 dem
2413 2654 2597 2710 durch
2635 2654 2779 2708 Numa
2802 2662 2848 2701 er·

1763 2745 2067 2806 richteten3
2104 2743 2221 2797 Liv.
2247 2744 2296 2809 Ι,
2316 2745 2396 2800 19.
2436 2773 2508 2783 -
2545 2739 2696 2810 apud
2722 2761 2773 2781 =
2792 2733 2845 2797 ld,

1764 2834 1866 2887 wie
1901 2832 1969 2885 Κ.
2007 2834 2040 2886 6
2076 2830 2187 2885 und
2209 2834 2297 2887 24.
2354 2831 2468 2885 Der
2507 2821 2840 2884 Gemusemrkt
2898 2832 2899 2891 ζ

1766 2922 1857 2989 lag
1894 2920 2167 2974 zwischen
2220 2919 2338 2973 dem
2376 2918 2759 2980 Westabbange
2780 2908 2838 2961 (les
2898 2918 2899 2927 ¹

1766 3009 2110 3079 Capitolinus
2150 3008 2261 3062 und
2299 3007 2418 3062 dem
2458 3007 2645 3062 Tiber.

1833 3117 1887 3173 8.
1938 3115 2008 3168 A.
2046 3113 2257 3167 Atilius
2305 3114 2406 3167 mit
2459 3113 2582 3168 dem
2630 3107 2847 3162 Beinamen

1768 3202 2067 3270 Calatinus,
2106 3202 2315 3256 Konsul
2351 3205 2456 3256 258
2495 3218 2547 3255 u.
2584 3198 2681 3253 254
2711 3210 2749 3246 v.
2768 3189 2848 3242 Chr·

1874 3378 2012 3451 zap.
2051 3376 2137 3435 50.
2192 3375 2410 3434 Prozefn
2445 3373 2548 3433 der
2582 3366 2781 3430 Vax-mm

1842 3507 1891 3557 1.
1926 3500 2264 3554 adolescebat
2287 3499 2321 3554 Ζ.
2343 3498 2472 3552 mai.
2509 3495 2686 3553 weiset
2704 3482 2849 3586 zurfick

1768 3588 1868 3644 auf
1896 3589 1941 3655 1,
1980 3592 2048 3644 72
2072 3588 2109 3642 f.
2161 3617 2222 3627 --
2282 3592 2332 3641 et
2380 3602 2505 3641 vom
2548 3582 2847 3648 Allgememen

1767 3693 1889 3732 zum
1927 3676 2236 3745 Speziellen
2271 3671 2621 3730 uberleitend.

1837 3786 1888 3836 2.
1925 3788 2152 3850 neptem,
2193 3781 2262 3836 da
2299 3781 2386 3835 ihr
2426 3781 2587 3835 Vater
2615 3774 2743 3830 Sext
2771 3768 2843 3831 Ap·

1765 3869 1984 3939 puleius
2009 3868 2469 3924 wahrscheinlich
2489 3867 2576 3923 ein
2599 3861 2728 3917 Sohn
2756 3852 2846 3909 oder

1765 3958 1963 4013 Eidam
1990 3959 2087 4013 der
2111 3956 2341 4011 Octavia
2363 3957 2547 4022 maior,
2581 3952 2711 4006 einer
2723 3938 2840 3997 Hslb

1766 4047 2066 4102 schwester
2090 4047 2187 4101 des
2212 4048 2514 4116 Augustus,
2548 4054 2660 4098 war·
2682 4062 2734 4074 -
2754 4038 2843 4097 W

1769 4134 1981 4191 einzeln
2035 4141 2105 4193 st.
2160 4133 2305 4203 quod
2359 4133 2501 4189 nach
2549 4130 2702 4185 einem
2737 4110 2836 4170 Verb

1773 4223 1870 4278 des
1896 4222 2230 4292 Anklagens.
2266 4221 2388 4290 Vgl.
2415 4222 2512 4290 111,
2532 4222 2562 4274 9
2595 4205 2836 4270 auxitiras

1773 4310 1907 4379 quia
1940 4326 2132 4365 navem
2169 4352 2182 4366 .
2204 4352 2217 4366 .
2254 4310 2557 4379 adpulerat.
