2992 4825
676 230 975 286 Politische
1013 208 1467 309 Einricbtungen.
1541 230 1605 301 β)
1644 229 2048 300 Rechtspflege.
2492 220 2572 280 25

75 388 193 434 ex
255 370 561 437 libertate
601 371 843 452 vitium,
907 370 1077 452 quod
1124 389 1247 437 non
1312 372 1517 452 simul,
1584 390 1701 438 nec
1746 376 1820 437 ut
1865 373 2019 438 iussi
2074 373 2469 452 conveniunt,
2508 385 2512 389 ’

83 476 251 540 sed
302 482 369 541 et
412 477 579 542 alter
622 481 687 542 et
751 477 977 543 tertius
1025 477 1161 543 dies
1208 478 1616 545 cunctatione
1681 471 2039 544 coeuntium
2097 478 2467 545 absumitur.

82 579 218 646 Ut
275 582 470 647 turba
514 582 769 664 placuit,
819 581 1153 648 considunt
1206 584 1456 648 armati.
1554 583 1886 649 Silentium
1929 602 2044 665 per
2087 584 2467 663 sacerdote8‚
2514 589 2579 640 10

88 688 375 768 quibus
420 693 558 752 tum
604 694 669 752 et
715 688 1046 754 coercendi
1092 688 1191 753 ius
1238 694 1354 769 est,
1402 689 1767 770 imperatur.
1848 689 1992 754 Mox
2030 707 2142 753 rex
2172 689 2272 753 vel
2304 688 2475 769 prin-

94 785 316 875 ceps,
364 798 556 875 prout
598 797 779 858 aetas
825 794 1069 874 cuique,
1115 800 1305 875 prout
1336 780 1652 875 nobilitas,
1700 797 1890 876 prout
1920 794 2114 859 decus
2143 793 2473 872 bellorum,

98 904 339 978 prout
383 897 686 992 facundia
716 904 833 979 est,
881 900 1244 980 audiuntur,
1273 900 1671 965 auctoritate
1703 882 2009 964 suadendi
2049 899 2253 988 magis
2287 917 2475 980 quam

96 1004 406 1069 iubendi
450 1008 786 1087 potestate.
866 1003 932 1070 Si
980 1004 1299 1087 displicuit
1345 1006 1684 1085 sententia,
1730 1002 1988 1069 fremitu
2018 994 2472 1086 aspernantur‚;

101 1109 235 1174 sin
288 1110 545 1192 placuit,
594 1108 869 1176 frameas
903 1112 1298 1176 concutiunt:
1347 1109 1902 1177 honoratissimum
1948 1110 2245 1176 assensus
2277 1107 2476 1192 genus
2516 1130 2581 1180 15

100 1221 239 1280 est
293 1215 487 1281 armis
531 1215 812 1283 laudare.
2541 1210 2549 1220 ’

1058 1391 1127 1460 β)
1165 1388 1555 1459 Rechtspflege.
1633 1379 1636 1380 ⁷

328 1501 428 1561 12.
496 1498 676 1561 Licet
736 1496 907 1577 apud
970 1496 1295 1562 concilium
1357 1513 1662 1562 accusare
1723 1513 1972 1577 quoque
2017 1500 2081 1559 et
2139 1495 2477 1587 discrimen

112 1602 374 1683 capitis
419 1602 769 1668 intendere.
834 1601 1172 1667 Distinctio
1205 1619 1554 1682 poenarum
1595 1621 1671 1667 ex
1702 1601 1963 1666 delicto:
2009 1601 2363 1682 proditores
2410 1606 2476 1665 et

116 1705 511 1788 transfugas
574 1707 904 1773 arboribus
960 1707 1375 1788 suspendunt,
1440 1708 1702 1789 ignavos
1768 1712 1833 1772 et
1877 1706 2164 1771 imbelles
2231 1712 2297 1770 et
2343 1724 2478 1771 cor·
2551 1734 2561 1747 ·

114 1831 315 1894 pore·
347 1810 613 1891 infames
659 1830 851 1877 caeno
897 1831 973 1878 ac
1019 1811 1267 1894 palude,
1329 1811 1569 1877 iniecta
1611 1813 1873 1894 insuper
1918 1816 2111 1891 crate,
2160 1816 2473 1893 mergunt.

124 2022 414 2089 beginnen
448 2021 560 2076 und
597 2022 783 2077 laufen
809 2023 879 2078 ab
916 2024 1014 2077 mit
1039 2023 1309 2078 Nachten.

124 2110 396 2178 (Grimm,
434 2110 498 2164 R.
542 2112 608 2163 A.
646 2111 796 2178 821.)

213 2197 443 2251 ducere.-
500 2198 962 2266 einzuleiten,
1016 2201 1211 2255 vorauf
1242 2219 1313 2256 zu

128 2286 345 2354 gehen.
593 2284 601 2291 ’
636 2287 639 2290 ’

219 2376 308 2429 10.
345 2377 420 2441 ‚ut
458 2414 470 2428 .
512 2416 525 2429 .
553 2372 802 2442 placuit.-
857 2375 1047 2430 sobald
1086 2417 1098 2431 .
1139 2421 1153 2434 .
1190 2377 1310 2432 hin-

136 2461 412 2518 reichend
451 2462 746 2518 erecheint.

216 2550 415 2604 turba.-
456 2550 543 2604 die
562 2550 701 2605 noch
721 2552 1095 2620 ungeordnete
1117 2552 1313 2619 Menge

135 2639 220 2692 im
265 2637 568 2704 Gegensatz
604 2655 672 2692 zu
711 2639 1011 2692 concilium.

217 2724 496 2779 silentium
552 2767 565 2779 .
621 2767 634 2780 .

141 2813 391 2868 frieden'
429 2814 698 2881 gebieten.
797 2813 910 2868 Der
972 2815 1155 2869 Bruch
1218 2815 1314 2870 des

145 2901 417 2956 Friedens
473 2917 586 2956 war
640 2903 761 2956 eine
822 2902 1161 2970 Verletzung
1217 2903 1315 2957 der

142 2991 387 3059 Gotter3
450 2990 623 3045 daher
678 2991 870 3045 hatten
929 2990 1014 3045 die
1073 2991 1317 3046 Priester

144 3078 433 3131 coercendi
468 3078 574 3132 ine.

231 3169 311 3221 11.
369 3182 470 3220 reoe
521 3166 604 3220 vel
648 3166 913 3234 princeps
960 3166 993 3220 d
1014 3183 1043 3221 e
1064 3183 1093 3220 r
1138 3167 1321 3235 Konig

146 3252 292 3308 oder
348 3253 424 3317 (in
485 3254 1002 3322 republikanischen
1066 3255 1317 3324 Staaten)

149 3357 183 3395 e
204 3341 226 3394 i
246 3356 279 3392 n
314 3340 634 3409 Hauptling.
1275 3414 1279 3419 .

233 3432 309 3482 12.
366 3428 526 3482 decus
579 3425 887 3484 bellorum!
930 3430 1314 3498 Kriegsruhm3

150 3519 249 3581 32,
286 3520 334 3570 3.

232 3604 1315 3672 13.facundia.·Redegewandtheit.

233 3695 312 3747 15.
350 3688 698 3747 concutiunt.-
735 3710 807 3749 an
836 3692 1097 3748 einander
1135 3693 1313 3748 schla-

154 3796 277 3848 gen.
294 3779 416 3850 Vgl.
455 3781 585 3835 hist.
610 3779 678 3848 V,
707 3784 773 3835 17
796 3796 930 3834 sono
955 3795 1231 3833 armorum
1257 3822 1269 3834 .
1299 3823 1312 3835 .

154 3867 466 3936 adprobata
489 3873 620 3921 sunt
644 3868 809 3922 dicta.
853 3869 1074 3923 Ebenso
1100 3869 1186 3922 bei
1210 3868 1315 3923 den

159 3954 404 4010 Galliern
452 3956 594 4011 nach
649 3955 772 4011 Cas.
824 3957 874 4011 b.
934 3957 996 4010 G.
1037 3956 1159 4023 VH,
1215 3960 1313 4025 21:

157 4043 458 4098 conclamat
476 4043 650 4097 omnis
667 4043 957 4098 multitudo
981 4048 1034 4097 et
1057 4059 1156 4098 suo
1172 4058 1318 4098 more

162 4132 328 4188 armis
378 4118 685 4201 concrepat,
744 4131 891 4200 quod
932 4132 1113 4198 facere
1160 4131 1222 4184 in
1247 4147 1319 4185 —eo

161 4226 504 4288 consuerunt,
559 4221 715 4276 cuius
763 4220 1063 4299 orationem
1120 4219 1323 4287 adpro-

164 4310 304 4364 bant

694 2767 706 2781 .
753 2726 1061 2796 imperatur
1079 2746 1098 2780 .·
1150 2721 1321 2794 Ding-'

1903 2020 1960 2075 C.
2005 2025 2086 2075 12.

1492 2115 1539 2167 1.
1579 2123 1838 2161 accusare
1875 2124 2099 2176 quoque,
2159 2106 2585 2175 Hauptaufgabe

1419 2198 1519 2251 der
1548 2196 2052 2263 Landesgemeinde
2084 2196 2157 2249 ist
2186 2195 2272 2249 die
2301 2195 2614 2263 Beratung»

1420 2285 1517 2339 der
1564 2274 1785 2353 'offentl
1844 2284 2353 2352 Angelegenheiten
2377 2323 2391 2351 ,
2448 2282 2587 2339 doch

1418 2373 1640 2427 konnen
1679 2363 1821 2428 auch
1848 2372 2137 2440 Anklagen
2173 2371 2417 2426 erhoben
2453 2385 2587 2425 wer-

1422 2462 1542 2515 den.
1578 2461 1738 2515 Licet
1789 2461 2006 2516 bezieht
2049 2461 2167 2515 sich
2212 2459 2429 2528 darauf,
2468 2459 2589 2513 dass

1422 2556 1577 2604 sonst
1612 2550 1700 2603 die
1710 2549 1999 2617 principes
2028 2548 2141 2602 und
2170 2548 2289 2602 ihre
2314 2546 2591 2614 Begleiter

1416 2637 1507 2705 als
1559 2637 1785 2691 Richter
1834 2647 2071 2704 genennt
2099 2636 2321 2691 werden
2362 2636 2590 2703 (Waitz,

1425 2726 1490 2780 D.
1543 2724 1608 2782 V.
1647 2725 1712 2780 G.
1766 2725 1813 2792 I,
1869 2729 1991 2792 332,
2047 2725 2119 2794 2).
2155 2722 2243 2764 ⁴-
2301 2723 2590 2777 discrimen
2705 2756 2710 2759 <

1423 2813 1625 2880 capitis
1661 2812 1946 2867 intendere
1970 2837 2039 2856 =
2066 2812 2233 2878 litem,
2284 2810 2341 2864 in
2378 2827 2486 2879 qua
2525 2811 2590 2866 de

1424 2902 1605 2969 capite
1632 2902 1836 2970 agitur,
1867 2900 2155 2955 intendere
2192 2889 2588 2968 (austren'gen).

1495 2993 1547 3044 3.
1586 2989 1893 3054 arbon-ibae,
1933 2989 1985 3041 in
2015 2988 2112 3042 der
2137 2988 2309 3055 Regel
2335 3002 2404 3041 an
2438 2987 2589 3042 laub·

1425 3077 1599 3143 lesen,
1656 3077 1862 3131 durren
1923 3077 2164 3130 Baumen
2219 3076 2587 3144 (wizipoumat

1427 3165 1818 3233 Strafbaume).

1495 3252 1718 3320 iynavi:
1755 3252 1844 3306 die
1882 3252 1938 3304 in
1974 3251 2073 3304 der
2109 3249 2369 3304 Schlacht
2406 3248 2433 3303 f
2442 3250 2590 3318 eige

1426 3339 1577 3405 sind,
1636 3339 1897 3393 imbelles:
1969 3339 2058 3392 die
2132 3338 2441 3405 uberhaupt
2492 3329 2592 3391 'die

1424 3427 1684 3483 Schlacht
1713 3427 1944 3493 meiden,
1965 3425 2590 3493 Kriegsfluchtige.

1495 3528 1722 3583 corpore
1746 3515 2010 3581 infames.-
2051 3515 2264 3570 durch
2301 3515 2592 3582 Korper·

1422 3603 1832 3670 schandung
1868 3594 2130 3658 ehrlos.

1471 3696 1522 3746 4.
1546 3707 1731 3757 eaen0,
1750 3691 1871 3761 Vgl.
1895 3692 2165 3757 Fischart,
2187 3690 2465 3744 Flohhatz
2487 3691 2586 3744 36:

1421 3780 1581 3848 ,demi
1653 3779 1889 3835 welcher
1961 3778 2155 3833 stirBet
2230 3776 2410 3844 gleich
2481 3791 2584 3828 vor

1422 3867 1753 3936 Schrecken,
1814 3867 1919 3921 den
1955 3866 2059 3921 soll
2094 3880 2219 3920 man
2270 3864 2373 3917 mit
2410 3863 2591 3917 kukac

1422 3955 1738 4010 bedecken‘.
1784 3984 1850 3993 —
1904 3954 2106 4008 iniecta
2140 3956 2292 4006 crate
2324 3955 2590 4019 meryunt,

1427 4042 1666 4097 dieselbe
1715 4029 1901 4098 Strafe
1950 4043 2005 4095 in
2060 4039 2345 4095 einzelnen
2392 4037 2587 4092 Fallen

1427 4131 1571 4186 auch
1617 4130 1731 4184 bei.
1759 4129 1865 4185 den
1914 4130 2178 4191 Romerm
2243 4126 2347 4195 vgl.
2416 4126 2533 4183 Liv.
2570 4124 2599 4177 I

1429 4220 1516 4286 51,
1567 4220 1630 4285 93
1688 4217 1783 4286 IV,
1820 4219 1907 4283 50,
1956 4218 2006 4270 4.
2060 4244 2131 4255 —
2178 4214 2410 4281 insuper
2444 4211 2594 4267 lokal

1429 4306 1570 4360 auch
1619 4322 1666 4360 c.
1707 4307 1774 4359 16
1812 4321 1865 4359 u.
1911 4304 1999 4357 34.
2071 4301 2149 4356 Es
2197 4300 2335 4354 wird
2390 4302 2445 4353 in
2497 4300 2593 4354 der
