2992 4825
1008 241 1176 297 Liber
1212 242 1284 297 11.
1344 241 1475 310 Cap.
1513 245 1600 297 48.

2385 232 2515 293 125

80 399 105 452 a
146 380 423 445 eosdem
480 385 957 451 misericordiae
1002 383 1227 450 traxit:
1290 402 1437 449 nam
1486 384 1769 451 centiens
1815 385 2176 450 sestertium
2222 384 2405 467 polli-

81 487 200 552 itus
233 484 537 570 Caesar,
586 497 649 556 et
692 497 994 572 quantum
1042 490 1291 556 aerario
1336 496 1453 555 aut
1497 489 1649 557 fisco
1690 491 2066 572 pendebant,
2111 491 2174 555 in
2221 490 2404 571 quin-

80 592 401 674 iuennium
467 598 740 663 remisit.
835 597 1164 678 Magnetes
1212 616 1251 660 a
1297 594 1513 679 Sipylo
1577 598 1841 678 proximi
1896 597 2124 662 damno
2181 614 2257 661 ac
2302 614 2403 661 re-

80 699 242 763 nedio
303 699 567 769 habiti.

672 702 983 783 TemniOS,
1051 700 1602 784 Philadelphenos,
1674 703 2013 784 Aegeatas,
2085 701 2400 785 Apolloni·
2441 721 2517 772 10

80 803 285 883 lenseS,
366 807 631 888 quique
693 807 964 874 Mosteni
1026 813 1139 872 aut
1184 806 1565 873 Macedones
1610 807 1886 891 Hyrcani
1941 811 2267 888 vocantur,
2336 811 2404 872 et

80 908 643 993 iierocaesariam‚
676 913 1008 996 Myrinam,
1058 910 1315 994 Cymen,
1362 912 1649 978 Tmolum
1681 912 1877 977 levari
1923 913 2093 978 idem
2137 914 2204 978 in
2241 919 2402 978 tem-

80 1032 153 1096 pus
193 1015 492 1081 tributis
531 1018 817 1099 mittique
862 1037 942 1083 ex
986 1024 1213 1083 senatu
1244 1017 1481 1100 placuit
1524 1019 1632 1099 qui
1677 1020 2041 1100 praesentia
2086 1024 2403 1101 spectaret

80 1120 541 1202 cfoveretque.
633 1123 915 1188 delectus
963 1129 1062 1187 est
1094 1122 1177 1187 M.
1211 1123 1434 1188 Ateius
1479 1141 1517 1188 e
1559 1124 1919 1205 praetoriis,
1967 1142 2048 1188 ne
2085 1123 2402 1189 consulari

80 1225 376 1291 ›btinente
417 1229 653 1293 Asiam
699 1229 1041 1293 aemulatio
1085 1229 1252 1293 inter
1289 1246 1481 1312 pares
1529 1238 1594 1293 et
1639 1247 1717 1293 ex
1762 1247 1837 1295 eo
1883 1229 2399 1311 impedimentum
2439 1247 2513 1299 15

80 1337 355 1399 iteretur.

218 1442 329 1503 48.
387 1437 806 1520 Magnificam
852 1439 917 1504 in
953 1439 1277 1522 publicum
1310 1439 1707 1521 largitionem
1755 1440 1931 1504 auxit
1961 1437 2197 1504 Caesar
2226 1438 2398 1503 haud

80 1544 251 1608 ninus
299 1551 519 1625 grata
563 1544 969 1625 liberalitate,
1016 1546 1182 1626 quod
1230 1547 1398 1611 bona
1429 1545 1732 1610 Aemiliae
1782 1545 2018 1625 Musae,
2065 1544 2397 1627 locupletis

80 1647 425 1730 intestatae,
484 1653 693 1733 petita
737 1653 801 1717 in
847 1650 1068 1718 fiscum
1099 1650 1364 1717 Aemilio
1395 1651 1658 1732 Lepido,
1707 1653 1883 1717 cuius
1930 1671 1965 1717 e
2014 1652 2199 1717 domo
2228 1651 2398 1716 vide·

80 1753 251 1834 batur,
300 1761 373 1820 et
409 1757 676 1822 Patulei
722 1759 933 1823 divitis
972 1759 1201 1839 equitis
1231 1758 1502 1822 Romani
1531 1758 1973 1839 hereditatem,
2020 1775 2397 1838 quamquam

81 1861 187 1940 ipse
226 1860 427 1928 heres
480 1864 550 1927 in
595 1869 776 1944 parte
823 1863 1162 1946 legeretur,
1212 1864 1480 1929 tradidit
1530 1863 1613 1930 M.
1665 1862 1950 1944 Servilio,
1998 1881 2183 1946 quem
2229 1863 2397 1943 prio·
2434 1882 2471 1931 5

83 1965 222 2030 ribus
267 1987 496 2051 neque
542 1971 854 2052 suspectis
901 1970 1134 2035 tabulis
1182 1972 1488 2051 scriptum
1535 1974 1954 2052 compererat,
1998 1969 2399 2034 nobilitatem

99 2073 388 2155 utriusque
463 2076 740 2157 pecunia
810 2075 1151 2141 iuvandam
1219 2074 1566 2156 praefatus,

150 2352 197 2407 8.
241 2355 464 2407 aerario
525 2359 623 2408 aut
683 2354 834 2422 fisco,
895 2354 1073 2409 neben
1136 2353 1233 2408 der

99 2436 414 2498 Staatskasse
506 2443 666 2498 hatte
736 2445 1024 2511 Augustus
1110 2444 1233 2498 eine

91 2524 385 2585 kaiserliche
399 2532 798 2601 eingerichtet;
819 2533 876 2585 in
889 2532 1019 2600 jene
1031 2530 1233 2587 flossen

96 2611 357 2673 besonders
384 2620 481 2674 die
504 2618 804 2674 Einknnfte
825 2636 924 2674 aus
946 2620 1050 2674 den
1075 2635 1231 2674 sena·

98 2702 356 2776 torischen‚
381 2710 444 2762 in
467 2709 621 2763 diese
647 2708 734 2762 die
758 2724 859 2762 aus
886 2707 991 2762 den
1015 2708 1229 2763 kaiser-

106 2786 245 2846 liehen
275 2794 605 2850 Provinzen.

154 2897 192 2949 9.
235 2914 271 2951 a
305 2899 540 2971 Sipylo.-
592 2917 713 2955 vom
763 2901 943 2968 Berge
994 2900 1229 2969 Sipy108‚

110 2998 154 3036 zu
183 2990 603 3045 unterscheiden
651 3005 754 3043 von
793 2989 894 3043 den
933 2989 1231 3055 Magneten

103 3083 167 3124 8111
205 3075 623 3132 Maanderflul's.
705 3076 822 3130 Zur
859 3075 1085 3130 Konstr.
1122 3075 1231 3144 vgl.

103 3157 193 3214 Liv.
243 3164 285 3230 1,
346 3169 418 3220 50
494 3163 717 3217 Turnus
775 3163 1102 3217 Herdonius
1161 3163 1229 3216 ab

103 3245 275 3304 Aricia.
301 3281 362 3291 —-
396 3251 646 3321 proximi
681 3251 883 3305 damno
920 3257 972 3305 et
994 3250 1229 3305 remedio

104 3329 274 3391 habiti,-
323 3342 516 3408 galten
557 3343 613 3394 in
651 3342 837 3408 Bezug
873 3339 973 3394 auf
1003 3339 1106 3394 den
1145 3355 1229 3394 er-

105 3416 293 3480 littenen
331 3429 585 3484 Schaden
636 3429 750 3483 und
786 3428 874 3483 die
909 3444 979 3481 zu
1013 3428 1228 3496 gewah·

105 3512 238 3568 rende
272 3516 439 3572 Hulfe
477 3518 560 3572 als
599 3517 686 3572 die
723 3517 1003 3572 nachsten.

161 3619 229 3671 11.
262 3628 357 3676 aut
390 3625 484 3678 bei
508 3623 573 3681 T.
611 3624 756 3678 oster
792 3624 848 3676 in
886 3622 985 3676 der
1020 3621 1227 3676 Beden-

106 3702 209 3770 tung
239 3724 335 3763 von
374 3719 425 3766 et
450 3713 703 3777 vicissim,
745 3727 807 3765 so
835 3711 954 3764 dass
988 3727 1047 3765 es
1073 3711 1227 3765 nicht

112 3785 184 3841 der
203 3792 505 3855 Korrektur
541 3805 591 3854 et
616 3799 713 3868 qui
744 3797 958 3854 bedarf.
982 3828 1040 3836 -·
1070 3798 1226 3867 Hyr-

111 3879 210 4012 {am'
258 3901 435 3942 waren
495 3887 824 3942 Kolonisten
892 3886 987 3940 der
1044 3887 1225 3941 Mace·

143 3978 261 4023 ouer.

169 4074 233 4126 12.
281 4077 755 4135 Hierocae-saviam
811 4080 921 4134 und
981 4081 1067 4134 die
1121 4079 1224 4134 fol-

119 4160 285 4219 genden
328 4168 717 4224 Stadtenamen
764 4184 862 4223 zur
897 4168 1224 4223 Abwechse·

117 4240 217 4315 lung
246 4256 335 4310 mit
370 4259 474 4313 den
511 4259 712 4312 vorher
748 4265 1063 4325 genannten
1091 4256 1223 4310 Ein-

1694 2092 1898 2156 neque
1975 2075 2398 2139 hereditatem

1341 2353 1620 2424 wohnern,
1641 2353 1742 2408 wie
1761 2353 1831 2408 K.
1853 2355 1940 2411 60.
1959 2352 2186 2407 —idem
2208 2352 2272 2406 in
2296 2359 2511 2421 tempus

1341 2464 1404 2488 =
1443 2444 1499 2496 in
1539 2443 1978 2511 quinquennium.

1413 2534 1494 2585 14.
1514 2531 1796 2585 consulari
1813 2532 1919 2585 obt.
1932 2530 2133 2584 Asiam
2147 2529 2254 2599 vgl.
2269 2546 2337 2584 zu
2355 2530 2398 2599 1,
2414 2531 2498 2585 74.

1335 2687 1472 2761 zap.
1510 2687 1599 2746 48.
1637 2687 2060 2762 Freigebigkeit
2094 2686 2191 2745 den
2227 2686 2505 2745 'ribei-ius.

1411 2800 1460 2850 1.
1495 2795 1558 2848 in
1586 2795 1870 2863 publicum
1898 2817 1960 2840 =
2000 2795 2057 2848 in
2082 2810 2196 2849 rem
2221 2793 2500 2863 publicam

1336 2881 1446 2952 (fiir
1472 2883 1578 2937 den
1599 2882 1778 2953 Staat)
1817 2884 2016 2951 gehort
2041 2900 2111 2937 zu
2135 2882 2497 2953 maynificam.

1408 2995 1457 3046 3.
1484 2992 1668 3058 petita
1711 2991 1775 3044 in
1808 2989 2002 3055 fiscum
2053 2990 2243 3055 (iuter,
2293 2988 2503 3043 welche

1337 3078 1488 3132 nicht
1537 3079 1636 3133 auf
1678 3080 1834 3133 einen
1872 3078 2131 3133 Privaten
2179 3077 2322 3131 nach
2358 3077 2496 3130 Erb-

1336 3167 1496 3220 recht
1551 3166 1903 3235 iibergingen‚
1965 3166 2184 3221 wurden
2240 3165 2330 3219 fiir
2392 3165 2501 3219 den

1335 3253 1535 3308 Fiskus
1592 3254 1649 3307 in
1701 3254 1993 3322 Anspruch
2039 3269 2378 3322 genommen.
2427 3282 2497 3294 —

1334 3341 1604 3395 Aemilius
1625 3340 1878 3409 Lepidus
1912 3342 2013 3394 mit
2045 3340 2166 3394 dem
2184 3340 2499 3394 Vornamen

1336 3428 1572 3483 Marcus
1608 3427 1809 3484 befand
1839 3429 1958 3483 sich
1995 3427 2198 3496 infolge
2238 3427 2335 3482 der
2364 3427 2496 3483 Pro-

1336 3517 1609 3585 skription
1665 3518 1844 3572 seines
1883 3517 2083 3571 Vaters
2137 3516 2251 3570 und
2304 3515 2496 3571 Grofs-

1334 3613 1521 3661 vaters
1545 3607 1601 3660 in
1627 3605 2031 3660 beschrankten
2053 3604 2501 3671 Verhaltnissen,

1331 3694 1496 3762 inops
1532 3695 1631 3761 ΙΙΙ,
1669 3697 1754 3748 32.
1793 3722 1861 3731 -
1899 3693 2058 3746 cui-us
2094 3707 2122 3745 e
2158 3691 2315 3745 domo
2350 3691 2500 3746 vide·

1334 3782 1515 3847 batur,
1538 3783 1661 3836 weil
1686 3782 1767 3836 sie
1792 3780 2089 3836 denselben
2112 3779 2494 3835 Gentilnamen

1332 3870 1532 3924 fiihrte.

1404 3979 1454 4033 5.
1491 3977 1555 4029 in
1581 3981 1763 4043 parte,
1815 3983 1970 4030 sonst
2009 3974 2148 4029 anch
2185 3973 2249 4027 in
2275 3977 2495 4041 partem

1333 4066 1465 4120 oder
1503 4081 1571 4118 ex
1601 4070 1780 4131 parte.
1851 4063 1965 4117 Zur
2004 4062 2182 4117 Sache
2235 4061 2338 4130 vgl.
2377 4062 2420 4129 1,
2460 4063 2499 4115 8

1329 4154 1394 4206 in
1427 4168 1571 4220 spem
1608 4152 1915 4206 secwndam.

1401 4260 1448 4311 6.
1484 4256 1731 4310 tabulae.-
1770 4256 1868 4311 das
1905 4257 2243 4312 Testament.
