2992 4825
439 225 522 284 32
1008 195 1015 196 ἶ
1189 232 1703 291 Taciti-Germania
1742 252 1789 290 c.
1832 238 1895 290 18
1934 252 1984 291 u.
2026 240 2107 290 19.

474 395 507 447 5
545 375 794 442 Gerunt
838 383 903 441 et
946 375 1224 442 ferarum
1267 378 1484 459 pelleS,
1535 377 1806 460 proximi
1836 378 2013 460 ripae
2059 377 2488 459 neglegenter,
2537 363 2888 444 ulteriores

547 481 934 563 exquisitim,
998 488 1072 546 ut
1117 482 1343 563 quibus
1407 481 1619 547 nullus
1666 501 1783 564 per
1844 482 2219 548 commercia
2281 482 2517 577 cultus.
2607 481 2854 564 Eligant

542 585 712 652 feras
758 593 823 651 et
869 587 1165 652 detracta
1193 587 1510 653 velamina
1554 593 1866 669 spargunt
1908 587 2173 652 maculis
2206 564 2610 670 pellibusque
2657 588 2855 653 belua-

544 711 705 776 rum,
751 698 910 773 quas
958 693 1232 758 exterior
1277 692 1567 759 Oceanus
1614 708 1806 775 atque
1841 693 2153 775 ignotum
2199 712 2378 759 mare
2426 694 2654 775 gignit.
2738 693 2854 759 Nec

543 797 707 861 alius
769 795 1016 862 feminis
1076 816 1267 879 quam
1331 798 1483 862 viris
1545 797 1825 878 habitus,
1893 798 2014 862 nisi
2060 798 2229 879 quod
2286 796 2562 862 feminae
2626 800 2857 880 saepius
2945 883 2946 888 ἵ

443 914 508 965 10
543 902 724 967 lineis
780 903 1115 968 amictibus
1172 903 1466 968 velantur
1532 921 1765 984 eosque
1824 922 2111 985 purpura
2173 905 2439 983 variant,
2502 910 2857 986 partemque
2945 969 2946 974 ,

542 1008 811 1073 vestitus
852 1009 1196 1090 superioris
1241 1009 1307 1073 in
1342 1009 1622 1074 manicas
1665 1026 1792 1075 non
1823 1008 2186 1090 extendunt,
2232 1009 2444 1074 nudae
2488 1008 2751 1074 brachia
2786 1027 2857 1075 ac
2933 1083 2940 1090 ‚

544 1113 844 1195 lacertos3
892 1114 1004 1179 sed
1049 1120 1115 1179 et
1156 1115 1444 1197 proxima
1486 1132 1640 1196 pars
1684 1114 1963 1196 pectoris
2007 1120 2204 1197 patet.

1246 1291 1249 1294 Δ
1329 1322 1404 1377 3.
1459 1322 1637 1376 Ehe
1674 1321 1741 1391 (c.
1785 1326 1848 1378 18
1886 1340 1939 1378 ιι.
1978 1326 2085 1390 19).
2142 1298 2153 1308 ’

724 1450 825 1514 18.
884 1447 1279 1526 Quamquam
1323 1466 1549 1513 severa
1591 1447 1722 1513 illic
1766 1448 2188 1527 matrimonia,
2234 1465 2352 1512 nec
2396 1446 2600 1511 ullam
2629 1465 2853 1512 morum
2945 1513 2946 1518 ,

462 1575 479 1604 ;
544 1556 791 1633 partem
838 1552 1043 1632 magis
1087 1552 1468 1618 laudaveris.
1559 1552 1722 1617 Nam
1767 1547 1965 1635 prope
2008 1553 2129 1618 soli
2157 1553 2580 1618 barbarorum
2611 1552 2854 1634 singulis

544 1646 844 1722 uxoribus
890 1643 1168 1723 contenti
1214 1661 1380 1737 sunt,
1430 1659 1711 1741 exceptis
1756 1658 2098 1722 admodum
2142 1658 2383 1739 paucis,
2431 1659 2542 1738 qui
2572 1676 2697 1722 non
2723 1658 2856 1723 libi-

547 1762 709 1841 dine,
776 1762 889 1826 sed
952 1761 1033 1827 ob
1097 1763 1496 1829 nobilitatem
1544 1764 1830 1845 plurimis
1876 1764 2113 1845 nuptiis
2168 1764 2553 1830 ambiuntur.
2645 1764 2854 1828 Dotem

475 1878 508 1928 5
546 1885 669 1932 non
715 1885 872 1932 uxor
916 1868 1164 1962 marito,
1212 1869 1323 1933 sed
1370 1870 1553 1933 uxori
1598 1870 1864 1934 maritus
1897 1867 2113 1933 offert.
2204 1868 2534 1933 Intersunt
2581 1874 2854 1951 parentes
2945 1883 2946 1890 ’

547 1978 612 2038 et
654 1973 989 2054 propinqui
1033 1992 1109 2038 ac
1151 1992 1414 2039 munera
1461 1976 1755 2056 probant,
1802 1972 2107 2061 [munera]
2154 1992 2281 2039 non
2328 1975 2411 2040 ad
2447 1974 2700 2040 delicias
2728 1993 2854 2039 mu-

441 2182 720 2237 einzelnen
747 2183 969 2237 Glieder
995 2182 1113 2237 sich
1137 2188 1476 2250 anspragem
1514 2198 1601 2236 ex-

430 2271 669 2338 primere
729 2270 828 2325 der
886 2272 1070 2328 techn.
1145 2271 1439 2325 Ausdruck
1512 2270 1602 2324 fur

380 2371 389 2379 ·
440 2358 742 2426 plastische
780 2358 1146 2427 Darstellung.

392 2442 397 2448 ’
514 2450 562 2500 5.
600 2446 756 2513 ripae
793 2463 867 2501 sc.
906 2447 1098 2502 Rheni.

514 2535 869 2603 myleqenter:
930 2536 1071 2612 ohne
1109 2536 1267 2589 Wert
1303 2533 1505 2588 darauf
1533 2551 1602 2588 zu

417 2623 635 2690 ·legen;
672 2623 1029 2690 exquisitius.-
1065 2623 1221 2677 mehr
1259 2623 1602 2677 wahlerisch.

519 2713 569 2765 6.
629 2710 810 2763 nullus
856 2727 959 2778 per
1017 2711 1335 2764 commercia
1388 2710 1605 2764 cultus:

440 2800 595 2853 nicht
610 2792 786 2853 'durch
798 2798 1466 2865 Handelsverbindungen
1480 2799 1605 2865 (mit

443 2887 548 2941 den
609 2887 871 2955 Romern)
932 2887 1175 2941 anderen
1237 2887 1603 2954 Kleiderputz

332 3044 337 3049 -
440 2975 673 3029 kennen.

514 3065 562 3114 7.
632 3075 894 3129 sparyere
947 3067 1090 3129 poet.
1142 3086 1212 3106 =
1264 3062 1601 3128 distinguere
1650 3116 1654 3120 .

443 3148 810 3218 (sprenkeln);
852 3148 957 3215 vgl.
996 3150 1162 3217 Verg.
1199 3137 1302 3203 Ᾰιι.
1345 3149 1453 3202 VH
1480 3153 1599 3218 191,

440 3238 561 3292 alas
600 3236 877 3291 coloribus
916 3252 997 3304 sp.

510 3323 737 3377 maculis
762 3316 1101 3391 pellibusque
1119 3350 1188 3369 =
1217 3324 1448 3379 maculis
1485 3325 1602 3394 pel·

439 3411 570 3464 lium
609 3411 742 3466 oder
779 3411 945 3464 variis
975 3411 1226 3479 pellibus.
1302 3412 1601 3467 Vielleicht

440 3498 717 3553 Hermelin
752 3497 865 3552 und
900 3497 1296 3554 Seebundsfell.
1353 3500 1476 3568 Vgl.
1503 3501 1599 3555 Ni·

440 3587 659 3654 belung.
696 3587 795 3640 371
835 3602 886 3640 u.
925 3590 1046 3641 373.

484 3677 562 3729 -8.
599 3674 838 3728 exterior
851 3673 1122 3728 Oceanus.-
1155 3675 1253 3729 das
1273 3674 1406 3732 balt.
1424 3677 1597 3730 Meer.

513 3766 563 3816 9.
600 3762 854 3816 habitus:
891 3762 1115 3817 Tracht.

514 3854 596 3905 10.
634 3850 791 3903 lineis
827 3850 1112 3903 amictibus
1129 3869 1146 3902 .·
1184 3850 1599 3918 selbstgewebte

441 3938 883 3993 Linnenkleider.

468 4013 477 4020 ’
505 4041 761 4094 purpura
814 4026 1041 4080 variant
1060 4045 1078 4079 .·
1136 4034 1228 4081 rot
1276 4035 1599 4095 ausputzen‚

442 4114 742 4168 besonders
803 4115 902 4168 mit
955 4116 1129 4169 einem
1181 4121 1343 4169 roten
1399 4114 1601 4169 Saume

440 4202 721 4256 ver-seben.

514 4294 598 4343 11.
650 4287 874 4343 vestitus
907 4288 1160 4355 superior
1207 4289 1296 4345 ein
1337 4305 1446 4343 nur
1495 4289 1601 4343 den

1708 2181 2060 2250 Oberkorper
2113 2182 2493 2249 bedeckendes
2540 2182 2850 2251 Kleidungs·

1709 2270 1890 2336 stuck,
1947 2271 2036 2324 ein
2081 2267 2377 2336 Leibchen,
2435 2270 2560 2325 dem
2615 2272 2727 2326 sich
2777 2271 2849 2325 als

1708 2357 2049 2424 Unterstuck
2067 2359 2160 2411 ein
2184 2357 2413 2427 faltiger
2437 2358 2598 2414 Rock
2621 2358 2849 2427 anfugte.
2943 2385 2944 2388 ¹

1708 2446 2017 2501 extendere:
2042 2447 2334 2501 auslaufen
2353 2449 2565 2502 lassen.
2593 2447 2850 2501 brachium
2943 2478 2944 2521 3

1697 2533 2026 2609 ‘Unterarm,
2064 2534 2304 2588 lacertus
2341 2534 2627 2589 Oberarm.

1785 2627 1866 2676 12.
1904 2622 2000 2676 sed
2022 2627 2074 2675 et
2093 2622 2237 2676 ohne
2260 2623 2727 2690 voraufgehendes
2749 2637 2848 2675 non

1709 2709 1868 2763 modo
1903 2711 2036 2766 oder
2070 2709 2242 2763 solum
2277 2726 2379 2764 nur
2414 2711 2558 2766 noch
2596 2727 2641 2765 c.
2664 2712 2728 2764 45
2767 2709 2850 2763 sed

1708 2802 1761 2850 et
1794 2814 1958 2854 mare.
2028 2799 2161 2852 Man
2197 2798 2344 2852 kann
2398 2804 2694 2866 erganzen:
2750 2813 2849 2850 non

1709 2884 1864 2938 modo
1900 2885 2131 2939 brachia
2167 2900 2233 2939 ae
2267 2885 2303 2939 l.
2340 2902 2396 2940 n.
2434 2891 2584 2951 sunt,
2621 2885 2709 2940 sed
2741 2891 2801 2941 et.
2871 2902 2877 2908 ·

2190 2972 2247 3027 C.
2288 2976 2375 3029 18.

1781 3064 1829 3112 1.
1869 3057 2242 3128 Quamquam.-
2273 3061 2431 3116 Zwar
2457 3061 2585 3115 sind
2609 3061 2694 3116 die
2716 3062 2846 3115 Wei·
2941 3066 2942 3121 ζ

1707 3147 1805 3201 ber
1840 3164 1947 3201 nur
1982 3147 2152 3202 leicht
2188 3149 2495 3212 bekleidet3
2536 3150 2847 3205 dennocb-

1777 3239 1827 3290 3.
1866 3234 2122 3289 libidine.-
2159 3252 2261 3291 aus
2302 3236 2563 3292 Wollust.

1778 3325 1827 3376 4.
1855 3323 2118 3390 plurimis
2143 3324 2357 3392 nuptiis
2392 3325 2734 3379 ambiuntur.-
2771 3324 2847 3378 fiir

1708 3409 1848 3465 viele
1886 3410 2344 3480 Eheverbindung
2387 3414 2696 3468 umworben
2730 3429 2845 3468 wer·

1707 3500 1828 3555 den.
1902 3501 2122 3568 Audet-,e
2158 3502 2346 3557 fassen
2388 3502 2603 3569 nuptiis
2636 3502 2716 3556 als
2750 3491 2844 3554 Ab·

1707 3587 1865 3642 lativ:
1940 3589 2040 3642 mit
2112 3589 2290 3645 vielen
2355 3590 2844 3656 Heiratsantragen.

1705 3676 2083 3731 Vielweiberei
2119 3677 2415 3732 herrschte·
2449 3677 2737 3733 besonders
2770 3676 2845 3730 bei

1708 3764 1812 3817 den
1838 3764 2159 3819 nordlichen
2186 3765 2517 3829 Germanen3
2557 3765 2688 3818 aber
2720 3764 2844 3818 auch

1707 3852 1956 3906 Ariovist
2011 3852 2171 3907 batte
2221 3854 2356 3907 zwei
2417 3853 2650 3907 Frauen.
2736 3851 2843 3907 Cas.

1706 3940 1756 3992 b.
1807 3939 1870 3993 G.
1925 3939 1971 4008 I,
2025 3943 2112 4007 53,
2166 3943 2216 3995 4.
2306 3941 2422 3994 Zur
2476 3941 2703 3997 Konstr.
2751 3940 2842 4007 vgl.

1706 4026 1868 4094 Verg.
1905 4015 2009 4081 Ᾱυ.
2035 4027 2155 4095 VII,
2198 4028 2331 4082 333:
2373 4028 2618 4082 conubiis
2642 4026 2843 4081 ambire.

1778 4117 1828 4168 6.
1860 4115 2110 4181 probant
2146 4114 2367 4182 (poet.):
2405 4114 2664 4182 prufen.

1775 4217 2003 4255 munera
2041 4243 2053 4255 .
2091 4242 2104 4256 .
2135 4217 2390 4267 munera,
2438 4201 2509 4257 da
2544 4203 2662 4257 eine
2695 4216 2843 4279 appo-

1709 4289 1985 4356 sitionelle
2044 4291 2306 4359 Anapher
2360 4297 2523 4359 sonst
2575 4290 2721 4344 nicht
2768 4287 2840 4343 bei
