2992 4825
489 238 615 299 134

1401 250 1573 306 Liber
1604 251 1679 309 11.
1733 250 1865 321 Cap.
1903 253 1990 308 58.

589 385 811 473 paucis
855 389 1254 458 familiarium
1312 391 1615 459 adhibitis
1660 411 1869 459 sermo
1916 395 2178 474 coeptus
2224 411 2265 458 a
2309 388 2616 469 Caesare,
2681 387 2896 469 qualem

487 515 554 567 10
588 500 687 563 ira
730 502 797 563 et
842 497 1257 564 dissimulatio
1304 498 1527 582 gignit,
1574 517 1951 582 responsum
1997 517 2038 561 a
2082 498 2311 564 Pisone
2355 494 2668 579 precibus
2715 498 2898 559 contu·

589 604 907 682 macibus3
978 605 1534 687 discesseruntque
1593 606 1834 687 apertis
1898 604 2076 671 odiis

2183 608 2329 685 post
2386 619 2556 684 quae
2621 617 2804 665 rarus
2851 600 2898 665 in

588 709 892 775 tribunali
922 707 1216 777 Caesaris
1246 710 1413 791 Piso,
1464 716 1530 777 et
1575 711 1631 777 si
1676 712 1928 795 quando
1961 710 2303 790 adsideret,
2348 714 2537 774 atrox
2571 724 2655 772 ac
2693 706 2898 771 dissen-

588 814 713 880 tire
757 813 1153 882 manifestus.
1244 835 1365 882 vox
1411 835 1663 899 quoque
1710 818 1849 884 eius
1893 817 2119 883 audita
2162 819 2263 881 est
2304 815 2371 880 in
2416 812 2733 890 convivio,
2790 829 2898 877 cum

590 921 760 1002 apud
806 939 1019 1002 regem
1049 921 1521 988 Nabataeorum
1570 941 1839 989 coronae
1885 940 2122 988 aureae
2166 937 2395 1003 magno
2440 918 2737 1001 pondere
2780 915 2900 981 Cae-

491 1043 555 1096 15
591 1027 720 1091 sari
769 1030 833 1092 et
862 1027 1272 1110 Agrippinae,
1319 1029 1493 1095 leves
1540 1029 1752 1095 Pisoni
1798 1033 1867 1095 et
1912 1028 2140 1094 ceteris
2172 1024 2575 1103 offerrentur,
2630 1022 2897 1106 principis

589 1131 877 1214 Romani,
925 1151 1051 1199 non
1082 1134 1306 1200 Parthi
1350 1137 1517 1216 regis
1548 1134 1678 1201 filio
1726 1153 1836 1201 eas
1877 1133 2097 1217 epulas
2130 1133 2301 1210 dari3
2350 1130 2719 1212 abiecitque
2748 1127 2897 1192 simul

593 1256 887 1304 coronam
932 1245 1001 1305 et
1031 1239 1232 1306 multa
1274 1242 1340 1306 in
1369 1240 1587 1305 luxum
1618 1241 1883 1323 addidit,
1930 1258 2093 1322 quae
2122 1238 2495 1306 Germanico
2546 1252 2894 1317 quamquam

593 1345 826 1410 acerba
867 1346 1305 1411 tolerabantur
1348 1351 1588 1414 tamen.

773 1456 875 1519 58.
920 1453 1096 1518 Inter
1133 1470 1300 1534 quae
1344 1452 1425 1519 ab
1472 1472 1629 1537 rege
1660 1454 2043 1521 Parthorum
2075 1451 2401 1517 Artabano
2445 1447 2657 1531 legati
2686 1465 2889 1513 venere.

594 1557 859 1623 miserat
906 1559 1246 1624 amicitiam
1300 1577 1375 1626 ac
1421 1558 1644 1626 foedus
1693 1564 2173 1640 memoraturos,
2237 1562 2305 1622 et
2351 1573 2590 1638 cupere
2645 1550 2890 1620 renovari

595 1662 866 1742 dextras»,
941 1664 1365 1746 daturumque
1436 1665 1668 1732 honori
1731 1664 2097 1731 Germanici
2163 1666 2236 1728 ut
2302 1662 2510 1745 ripam
2585 1656 2887 1741 Euphratis

596 1770 965 1835 accederet:
1032 1774 1248 1852 petere
1293 1772 1549 1837 interim
1593 1789 1674 1837 ne
1718 1773 2015 1838 Vonones
2070 1769 2138 1836 in
2185 1768 2372 1835 Suria
2414 1766 2763 1832 haberetur
2798 1779 2884 1826 neu

526 1889 558 1940 5
594 1893 889 1956 proceres
934 1877 1214 1957 gentium
1245 1877 1619 1960 propinquis
1667 1877 1903 1942 nuntiis
1951 1877 2033 1941 ad
2082 1873 2438 1942 discordias
2467 1871 2772 1937 traheret.
2826 1867 2880 1932 ad

598 1997 676 2044 ea
722 1978 1135 2047 Germanicus
1184 1981 1261 2046 de
1307 1983 1616 2049 societate
1661 1982 2092 2049 Romanorum
2132 1978 2652 2060 Parthorumque
2695 1972 2877 2056 magni·

596 2083 730 2165 fiee,
795 2086 873 2151 de
918 2087 1200 2153 adventu
1255 2090 1426 2172 regis
1489 2096 1556 2154 et
1601 2089 1780 2155 cultu
1840 2090 1939 2154 sui
2002 2107 2146 2155 cum
2210 2087 2441 2152 decore
2493 2103 2581 2150 ac
2626 2080 2873 2148 modestia

595 2192 937 2273 respondit.

1051 2193 1346 2260 Vonones
1400 2194 1898 2278 Pompeiopolim
1953 2193 2211 2259 Ciliciae
2272 2190 2661 2256 maritimam
2714 2186 2858 2252 urbem
2900 2277 2901 2280 Ἴ

599 2302 846 2363 amotus
891 2305 1007 2367 est.
1102 2300 1322 2365 datum
1370 2300 1437 2365 id
1495 2319 1618 2366 non
1668 2301 1853 2366 modo
1900 2301 2196 2383 precibus
2244 2298 2565 2366 Artabani
2626 2295 2739 2361 sed
2770 2308 2852 2357 oon·

494 2417 563 2469 10
595 2404 894 2471 tumeliae
954 2405 1217 2488 Pisonis,
1283 2406 1382 2473 cui
1446 2406 1846 2490 gratissimus
1918 2411 2060 2473 erat
2123 2406 2203 2473 ob
2259 2404 2543 2487 plurima
2602 2398 2787 2467 officia
2822 2399 2859 2460 et

600 2510 787 2592 dona,
835 2512 1061 2594 quibus
1106 2512 1471 2579 Plancinam
1517 2514 1905 2580 devinxerat.

493 2666 628 2721 aber
673 2667 755 2722 als
805 2670 971 2735 einer,
1020 2668 1255 2725 welcher
1300 2669 1426 2726 dort
1464 2670 1657 2726 Ranke

494 2755 847 2823 schmiedete‚
885 2758 1202 2825 angesehen
1238 2757 1443 2816 wurde.

567 2847 650 2897 10.
693 2844 786 2897 ira
828 2849 880 2899 et
929 2845 1312 2911 dissimulatiO,
1367 2845 1550 2900 indem
1597 2861 1658 2900 er

493 2930 623 2985 bald
648 2931 768 2987 dem
792 2933 945 2988 Zorn
981 2933 1160 2988 freien
1186 2934 1335 2989 Lauf
1352 2933 1492 3002 liesS,
1528 2932 1659 2995 bald

494 3019 591 3074 ihn
626 3021 1044 3077 unterdriickte.

570 3112 652 3162 11.
680 3114 811 3177 post
849 3124 988 3177 quae
1022 3111 1123 3164 wie
1158 3110 1203 3178 1,
1243 3112 1326 3164 13.

569 3199 654 3256 13.
690 3198 1013 3265 manifestus
1052 3215 1095 3254 c.
1134 3198 1232 3255 inf.
1267 3198 1358 3254 bei
1386 3198 1519 3253 Tac.
1555 3213 1661 3252 nur

497 3285 641 3340 noch
679 3285 806 3345 dial.
848 3290 930 3345 16.
1455 3358 1460 3364 ¹

570 3376 655 3428 14.
719 3373 1135 3430 Nabataeorum
1199 3376 1272 3430 im
1331 3373 1662 3429 nordlichen

497 3461 761 3518 Arabien.

572 3552 652 3604 16.
689 3549 896 3603 Parthi
944 3555 1012 3605 st.
1052 3549 1299 3605 Parthici
1349 3550 1481 3605 oder
1532 3549 1663 3604 Par-

496 3637 736 3705 thorum,
761 3639 861 3693 wie
886 3638 982 3706 XI,
1003 3641 1036 3692 9
1063 3637 1267 3691 Parthi
1287 3637 1663 3705 imperatore&

498 3726 613 3779 Zur
640 3724 817 3781 Sache
841 3727 918 3781 ist
941 3743 1011 3780 zu
1037 3725 1354 3793 hemerken,
1393 3725 1513 3780 dass
1539 3740 1663 3779 man

499 3814 575 3867 im
613 3813 806 3868 Orient
842 3814 930 3869 bei
968 3814 1359 3869 Gastmahlern
1405 3828 1663 3880 vorzugs·

498 3901 668 3956 weise
703 3901 953 3970 Konigen
1002 3900 1114 3956 und
1149 3902 1386 3956 Prinzen
1428 3901 1664 3970 goldene

499 3990 723 4044 Kronen
763 3990 976 4045 darbot.

576 4080 659 4132 17.
682 4076 1007 4131 Germanico
1027 4076 1133 4145 vgl.
1149 4076 1217 4131 K.
1229 4080 1299 4132 50
1306 4076 1661 4146 propinquis.

537 4199 676 4271 zap.
715 4199 803 4257 58.
857 4198 1181 4258 Artabanus
1214 4198 1331 4258 und
1365 4198 1628 4258 Vononen.

577 4293 626 4342 1.
660 4288 806 4342 inter
843 4304 982 4356 qaae
1020 4290 1064 4358 1,
1107 4293 1190 4344 12.
1226 4318 1295 4329 —
1338 4289 1665 4343 Artabanus

497 4374 571 4429 K.
610 4378 643 4429 3
668 4375 708 4433 f.

1833 2675 1884 2725 2.
1923 2667 2224 2723 amicitiam
2244 2683 2312 2721 ac
2327 2666 2526 2733 foedus
2542 2682 2652 2721 von
2662 2663 2859 2718 Phraates

1763 2758 1861 2812 mit
1896 2759 2187 2825 Augustus
2224 2754 2590 2824 geschlossen
2626 2752 2689 2808 K.
2723 2755 2759 2806 1.

1837 2867 1887 2919 3.
1923 2862 2150 2917 dextras
2185 2878 2284 2917 zur
2317 2860 2742 2926 Abwechselung
2762 2854 2851 2906 stati

1763 2951 1993 3019 ίόεῶιιει.Ι
2084 2964 2087 2969 ·

1835 3042 1887 3098 4.
1924 3037 2174 3093 accedere
2227 3038 2285 3092 in
2343 3036 2571 3105 eigentl.
2617 3032 2855 3090 Bedeutunss
2896 3062 2897 3107 3

1764 3128 1855 3182 bei
1890 3127 1954 3184 T.
1991 3125 2346 3194 regelmassig
2381 3125 2484 3179 mit
2522 3124 2648 3180 dem
2677 3123 2800 3179 Acc.;
2823 3126 2860 3165 ⁹⁰
2895 3110 2897 3249 1

1765 3215 1915 3283 xlv,
1954 3216 2050 3279 35;
2101 3214 2227 3269 hist.
2262 3213 2335 3282 11,
2373 3217 2463 3272 27.
2499 3214 2607 3281 111,
2644 3204 2716 3264 24.
2747 3231 2798 3246 -
2821 3213 2859 3252 ne

1776 3302 2027 3357 Vonones
2064 3341 2076 3354 .
2103 3346 2118 3360 .
2154 3301 2447 3356 haberetur
2464 3317 2577 3356 neu
2614 3342 2629 3358 .
2644 3339 2657 3353 .
2688 3289 2863 3350 trahem
2893 3332 2895 3375 1

1768 3390 1990 3445 ahnlich
2024 3391 2374 3445 konstruiert
2408 3389 2511 3444 wie
2553 3390 2597 3458 Ι,
2620 3388 2683 3442 79
2712 3376 2860 3435 neck·

1766 3479 1856 3533 nis
1892 3519 1904 3531 .
1926 3519 1940 3534 .
1974 3479 2373 3545 transferretur
2416 3493 2526 3531 neu
2580 3472 2710 3544 ipsis
2734 3461 2862 3536 ΡΜ·

1768 3567 1902 3620 ciem
1950 3565 2207 3633 adferret.
2298 3566 2432 3620 Man
2487 3565 2750 3621 ubersetze
2790 3565 2859 3604 m

1768 3654 2037 3709 traheret.-
2076 3654 2216 3721 ,dass
2256 3670 2317 3709 er
2355 3654 2450 3708 ihn
2487 3653 2635 3707 nicht
2665 3642 2861 3702 verleiten

1769 3741 1956 3808 lasse‘‚
1982 3740 2053 3796 da
2075 3742 2391 3797 bezeichnet
2415 3740 2635 3796 werden
2656 3733 2761 3800 soll,
2781 3724 2857 3783 dnss

1772 3829 1858 3884 die
1882 3828 2183 3898 Erfullung
2209 3829 2307 3883 der
2334 3829 2488 3884 Bitte
2521 3844 2621 3882 von
2654 3823 2759 3877 dem
2773 3814 2859 3869 Ein-

1771 3918 2050 3973 schreiten
2089 3918 2184 3973 des
2222 3917 2402 3973 Germ.
2439 3917 2688 3983 abhangt.

1842 4026 1891 4077 7.
1936 4022 2058 4076 sui.-
2113 4023 2299 4077 seiner
2348 4021 2573 4077 Person.
2625 4046 2678 4059 --
2722 4009 2857 4065 (1600ῒῖ

1772 4110 2050 4174 Wfirde3
2106 4110 2213 4178 vgl.
2248 4110 2381 4168 hist.
2422 4110 2465 4179 I,
2504 4113 2569 4164 71
2623 4085 2891 4171 cumtaad,

1770 4197 2015 4252 decorem
2048 4196 2265 4266 imperii
2299 4197 2616 4264 composita.

1843 4287 1927 4340 10.
1978 4285 2197 4353 officia.-
2252 4284 2746 4347 Dienstleistungeno
2786 4267 2854 4321 Ge·
2890 4274 2891 4277 ¹

1772 4372 2128 4442 falligkeiten.
