2992 4825
331 222 371 284 8
1116 235 1292 290 Taciti
1328 234 1592 303 Agricola
1627 251 1675 291 c.
1712 237 1868 290 2-4,

329 376 523 443 etiam
591 376 887 459 loquendi
958 376 1377 459 audiendique
1451 377 1841 444 commercio.
1962 375 2331 443 Memoriam
2405 393 2655 459 quoque

328 482 534 564 ipsam
579 500 721 548 cum
767 499 923 548 voce
965 480 1479 564 perdidissemus»,
1526 483 1583 548 si
1624 483 1852 549 tamin
1882 486 2102 548 nostra
2130 486 2451 565 potestate
2480 485 2657 549 esset

330 586 610 654 oblivisci
654 604 846 669 quam
889 592 1124 653 tacere.

505 697 565 758 3.
602 683 794 757 ⁸Nunc
833 692 1086 757 demum
1115 692 1283 758 redit
1311 693 1593 772 animus;
1637 693 1752 759 sed
1780 710 2163 775 quamquam
2194 692 2398 776 primo
2430 691 2652 758 statim

327 797 681 863 beatissimi
749 797 983 862 saeculi
1049 803 1194 863 ortu
1256 796 1466 863 Nerva
1533 794 1772 864 Caesar
1832 815 1938 863 res
2002 798 2155 863 olim
2218 797 2652 864 dissociabiles

327 903 672 982 miscuerit,
726 903 1147 984 principatum
1204 921 1279 969 ac
1330 903 1713 983 libertatem,
1779 907 2135 986 augeatque
2181 902 2412 970 cotidie
2453 901 2652 970 felici-

328 1013 528 1075 tatem
579 1013 940 1091 temporum
994 1007 1206 1074 Nerva
1256 1008 1587 1089 Traianus,
1651 1027 1771 1075 nec
1828 1027 2004 1091 spem
2057 1009 2243 1074 modo
2296 1028 2374 1076 ac
2433 1013 2651 1075 votum

224 1128 259 1181 5
330 1115 639 1181 securitas
684 1113 951 1196 publica,
999 1114 1111 1179 sed
1154 1114 1353 1198 ipsius
1384 1115 1521 1179 voti
1547 1112 1841 1180 fiduciam
1872 1134 1953 1182 ac
1981 1116 2177 1181 robur
2207 1114 2650 1197 adsumpserit,

328 1225 560 1286 natura
602 1224 817 1287 tamen
861 1219 1248 1286 infirmitatis
1291 1218 1607 1286 humanae
1651 1221 1935 1286 tardiora
1970 1226 2123 1287 sunt
2151 1220 2432 1286 remedia
2460 1237 2651 1302 quam

328 1325 528 1404 mala;
571 1330 637 1391 et
681 1329 753 1391 ut
796 1343 1061 1408 corpora
1105 1331 1325 1392 nostra
1371 1326 1547 1396 lente
1576 1332 1944 1409 augescunt,
1987 1326 2112 1394 cito
2148 1326 2652 1409 exstinguuntur,

330 1432 420 1498 sic
480 1431 736 1514 ingenia
796 1431 1135 1513 studiaque
1194 1432 1587 1515 oppresseris
1651 1431 1900 1498 facilius
1962 1448 2153 1513 quam
2224 1432 2652 1500 revocaveris:

329 1536 501 1602 subit
562 1537 796 1620 quippe
860 1536 1053 1602 etiam
1116 1537 1313 1619 ipsius
1374 1538 1644 1603 inertiae
1706 1537 2000 1616 dulcedo,
2066 1541 2134 1603 et
2193 1537 2397 1604 invisa
2447 1539 2655 1621 primo

224 1655 295 1706 io
330 1642 571 1709 desidia
641 1647 963 1725 postremo
1037 1649 1307 1711 amatur.
1423 1641 1631 1720 Quid‘l
1705 1642 1760 1728 si
1826 1661 1943 1726 per
2006 1643 2360 1724 quindecim
2429 1661 2651 1726 annos,

329 1749 572 1832 grande
618 1748 908 1813 mortalis
953 1748 1097 1814 aevi
1141 1748 1415 1830 spatium
1432 1800 1447 1830 ,
1505 1747 1693 1814 multi
1736 1746 2015 1814 fortuitis
2060 1749 2342 1830 casibus,
2396 1763 2653 1834 promp-

320 1854 610 1921 tissimus
664 1855 932 1937 quisque
986 1855 1256 1921 saevitia
1307 1855 1612 1937 principis
1666 1854 2140 1937 interciderunt,
2197 1855 2386 1937 pauci
2440 1861 2524 1938 et,
2579 1862 2655 1924 ut

319 1962 423 2027 ita
481 1960 772 2041 dixerim,
835 1978 961 2026 non
1023 1961 1210 2027 modo
1273 1960 1545 2027 aliorum
1605 1961 1721 2028 sed
1772 1961 1965 2027 etiam
2017 1962 2220 2028 nostri
2278 1964 2652 2045 superstites
2741 2033 2752 2040 ,

326 2084 574 2145 sumus,
637 2067 949 2150 exemptis
1003 2085 1040 2133 e
1094 2068 1304 2134 media
1360 2068 1495 2134 vita
1549 2071 1648 2133 tot
1702 2068 1882 2134 annis
1898 2118 1916 2147 ‚
1975 2069 2203 2150 quibus
2261 2068 2522 2135 iuvenes
2568 2070 2656 2136 ad

221 2180 294 2232 15
330 2176 733 2255 senectutem,
795 2189 978 2239 senes
1023 2190 1220 2256 prope
1263 2174 1346 2240 ad
1389 2174 1563 2256 ipsos
1609 2179 1866 2242 exactae
1910 2174 2144 2242 aetatis
2188 2175 2494 2241 terminos
2537 2195 2655 2260 per

330 2277 644 2344 silentium
703 2279 1008 2349 venimus.
1101 2279 1240 2346 Non
1295 2286 1513 2347 tamen
1567 2281 1810 2364 pigebit
1863 2281 1964 2348 vel
2019 2281 2347 2348 incondita
2389 2300 2466 2348 ac
2510 2283 2653 2349 rudi

328 2403 481 2452 voce
535 2387 903 2454 memoriam
957 2387 1189 2471 prioris
1243 2389 1569 2455 servitutis
1628 2405 1702 2454 ac
1746 2387 2177 2455 testimonium
2223 2389 2651 2471 praesentium

316 2492 634 2559 bonorum
689 2495 1129 2576 composuisse.
1221 2494 1342 2561 Hic
1394 2496 1649 2561 interim
1695 2493 1857 2560 liber
1899 2493 2125 2560 honori
2171 2494 2506 2577 Agricolae
2548 2512 2653 2561 so-

324 2599 454 2664 ceri
508 2599 636 2666 mei
689 2600 1046 2666 destinatus
1099 2600 1489 2683 professione
1543 2601 1802 2682 pietatis
1858 2604 1971 2665 aut
2023 2599 2322 2665 laudatus
2369 2601 2495 2666 erit
2538 2605 2653 2667 aut

198 2709 292 2762 ‘20
327 2709 682 2771 excusatus.

503 2817 565 2878 4.
634 2808 745 2879 Cn.
793 2810 992 2877 Iulius
1038 2812 1358 2894 Agricola,
1421 2818 1636 2878 vetere
1690 2817 1759 2877 et
1810 2812 2065 2877 inlustri
2122 2811 2651 2878 Foroiuliensium

329 2917 575 2985 colonia
619 2922 818 2999 ortus,
864 2923 1203 3000 utrumque
1249 2936 1435 2984 avum
1481 2923 1960 3000 procuratorem
2007 2914 2351 2983 Caesarum
2403 2916 2648 2997 habuit,

328 3043 490 3108 quae
545 3024 855 3106 equestris
899 3023 1195 3090 nobilitas
1241 3028 1357 3092 est.
1451 3023 1646 3090 Pater
1688 3023 1782 3089 illi
1827 3022 2026 3089 Iulius
2071 3022 2422 3090 Graecinus
2466 3040 2651 3089 sena-

328 3131 475 3197 torii
520 3130 776 3212 ordinis
823 3129 1037 3196 studio
1068 3130 1467 3211 eloquentiae
1497 3130 1978 3213 sapientiaeque
2009 3134 2217 3209 notus,
2264 3129 2468 3211 iisque
2496 3128 2650 3211 ipsis

219 3246 253 3300 5
325 3237 664 3303 virtutibus
729 3237 890 3302 iram
958 3235 1081 3303 Gai
1147 3234 1440 3303 Caesaris
1508 3238 1797 3302 meritus:
1871 3253 2145 3318 namque
2214 3235 2299 3302 M.
2366 3234 2648 3301 Silanum

325 3361 624 3410 accusare
666 3343 876 3408 iussus
923 3347 1004 3423 et,
1051 3343 1201 3426 quia
1240 3343 1574 3422 abnuerat,
1617 3341 1990 3409 interfectus
2033 3346 2147 3408 est.
2229 3340 2439 3407 Mater
2486 3339 2651 3406 Iulia

326 3448 601 3515 Procilla
661 3447 806 3527 fuit,
847 3468 1060 3515 ,rarae
1123 3449 1468 3515 castitatis:
1541 3449 1606 3514 in
1671 3448 1859 3514 huius
1928 3448 2070 3513 sinu
2131 3446 2652 3529 indulgentiaque

325 3554 630 3621 educatus
676 3573 789 3636 per
834 3572 1080 3622 omnem
1125 3554 1535 3622 honestarum
1582 3554 1815 3620 artium
1848 3554 2088 3621 cultum
2127 3552 2466 3636 pueritiam
2495 3552 2650 3618 adu-

324 3660 814 3743 lescentiamque
860 3661 1193 3743 transegit.
1271 3662 1551 3727 Arcebat
1595 3679 1739 3725 eum
1784 3659 1865 3725 ab
1908 3658 2221 3725 illecebris
2252 3658 2648 3740 peccantium

225 3776 293 3829 10
326 3772 586 3850 praeter
639 3767 837 3849 ipsius
891 3766 1121 3832 bonam
1177 3767 1614 3849 integramque
1658 3771 1972 3843 naturam,
2028 3764 2196 3846 quod
2241 3764 2459 3829 statim
2503 3781 2650 3844 par-

324 3873 507 3939 vulus
553 3872 766 3939 sedem
812 3891 890 3938 ac
933 3872 1307 3955 magistram
1352 3872 1708 3938 studiorum
1755 3870 2100 3937 Massiliam
2143 3869 2388 3951 habuit,
2442 3868 2650 3935 locum

323 3979 573 4046 Graeca
633 3979 929 4045 comitate
992 3983 1059 4043 et
1121 3977 1493 4061 provinciali
1556 3977 1942 4060 parsimonia
2006 3977 2272 4042 mixtum
2341 3993 2417 4041 ac
2484 3974 2651 4041 bene

324 4085 762 4168 compositum.
855 4084 1160 4151 Memoria
1214 4090 1398 4151 teneo
1453 4084 1711 4150 solitum
1776 4084 1981 4166 ipsum
2028 4099 2287 4148 narrare
2332 4098 2402 4146 se
2445 4080 2652 4163 prima

323 4193 388 4258 in
434 4192 695 4258 iuventa
738 4191 1018 4257 studium
1062 4189 1498 4273 philosophiae
1544 4191 1770 4268 acrius,
1828 4188 2002 4254 ultra
2046 4205 2234 4270 quam
2282 4204 2650 4254 concessum

219 4305 287 4360 15
322 4298 609 4366 Romano
664 4316 739 4364 ac
793 4298 1096 4379 senatori,
1160 4297 1478 4377 hausisse,
1545 4296 1611 4362 ni
1663 4295 2006 4380 prudentia
2058 4293 2281 4360 matris
2323 4293 2652 4359 incensum
