2992 4825
1128 212 1159 222 .-

409 261 488 322 16
1147 272 1328 328 Taciti
1365 273 1629 341 Agricola
1665 290 1712 329 c.
1751 276 1977 330 18-20.

293 434 301 439 ·
403 420 471 481 et
524 433 719 496 equos
775 421 1034 499 regunt,
1093 415 1187 480 ita
1238 421 1503 497 repente
1562 417 1850 498 immisit,
1915 420 1989 481 ut
2032 413 2456 497 obstupefacti
2500 415 2735 496 hosteS,

402 520 512 602 qui
557 520 850 601 classem,
911 522 1021 603 qui
1066 521 1275 602 navis,
1335 522 1445 602 qui
1488 539 1664 587 mare
1709 521 2190 604 exspectabant,
2251 521 2409 587 nihil
2464 522 2740 587 arduum

404 630 518 693 aut
560 628 867 692 invictum
914 627 1296 693 crediderint
1341 627 1433 692 sic
1479 627 1563 693 ad
1606 628 1845 693 bellum
1893 628 2309 693 venientibus,
2386 629 2486 692 Ita
2532 628 2740 710 petita

297 749 364 801 25
402 751 560 816 pace
605 751 682 798 ac
729 733 946 799 dedita
991 734 1198 799 insula
1245 733 1456 799 clarus
1488 752 1566 799 ac
1593 751 1861 815 magnus
1892 732 2111 799 haberi
2146 733 2459 816 Agricola,
2505 734 2741 815 quippe

403 839 505 904 cui
551 838 930 919 ingredienti
977 839 1381 920 provinciam,
1427 839 1598 920 quod
1644 845 1897 920 tempus
1942 838 2049 903 alii
2095 857 2209 921 per
2240 841 2740 905 ostentationem

403 950 471 1009 et
515 941 860 1009 officiorum
906 945 1212 1009 ambitum
1261 945 1638 1025 transigunt,
1683 944 1865 1010 labor
1897 953 1963 1009 et
1992 944 2340 1026 periculum
2372 944 2738 1025 placuisset.

403 1048 535 1114 Nec
568 1048 862 1131 Agricola
892 1051 1322 1131 prosperitate
1351 1068 1564 1114 rerum
1595 1051 1661 1114 in
1692 1051 2039 1114 vanitatem
2072 1067 2226 1114 usus
2269 1050 2737 1131 expeditionem
2803 1055 2812 1063 '

403 1161 517 1220 aut
573 1155 900 1220 victoriam
957 1156 1230 1220 vocabat
1285 1156 1484 1220 victos
1532 1157 1943 1238 continuisse3
2007 1175 2086 1221 ne
2131 1155 2437 1220 laureatis
2482 1155 2739 1236 quidem

297 1278 367 1329 30
404 1265 587 1343 gesta
650 1266 1027 1342 prosecutus
1086 1267 1212 1326 est:
1284 1261 1399 1326 sed
1454 1261 1597 1342 ipsa
1662 1260 2158 1327 dissimulatione
2226 1259 2433 1326 famae
2502 1260 2736 1325 famam

401 1367 594 1446 auxit,
642 1365 1129 1432 aestimantibus
1176 1372 1418 1447 quanta
1462 1365 1664 1432 futuri
1707 1384 1819 1449 spe
1863 1371 1997 1432 tam
2045 1384 2279 1449 magna
2323 1366 2642 1434 tacuisset.

585 1477 682 1540 19.
746 1470 1043 1538 Ceterum
1092 1473 1446 1539 animorum
1492 1473 1856 1555 provinciae
1901 1473 2181 1555 prudens
2228 1473 2541 1553 simulque
2589 1472 2739 1538 doc-

402 1584 507 1644 tus
562 1597 675 1660 per
732 1578 941 1644 aliena
1001 1580 1436 1661 experimenta
1492 1597 1719 1661 parum
1774 1578 1993 1661 profici
2048 1580 2271 1659 armis,
2341 1580 2396 1644 si
2465 1579 2736 1645 iniuriae

401 1690 849 1766 sequerentur,
916 1702 1141 1750 causas
1197 1685 1504 1750 bellorum
1560 1687 1785 1750 statuit
1843 1685 2152 1752 excidere.
2244 1685 2301 1749 A
2346 1702 2415 1750 se
2477 1686 2737 1766 suisque

403 1807 586 1856 orsus
617 1790 888 1872 primum
921 1791 1174 1856 domum
1207 1808 1387 1856 suam
1420 1792 1720 1871 coercuit,
1767 1791 1936 1873 quod
1967 1791 2284 1872 plerisque
2315 1790 2489 1856 haud
2526 1790 2735 1856 minus

298 1911 329 1962 5
402 1895 671 1962 arduum
716 1901 815 1962 est
861 1914 1048 1978 quam
1093 1897 1483 1979 provinciam
1530 1915 1767 1979 regere.
1843 1896 2015 1962 Nihil
2043 1916 2161 1979 per
2189 1897 2453 1963 libertos
2485 1913 2734 1962 servos-

401 2018 524 2083 que
581 2001 870 2084 publicae
925 2003 1047 2082 rei,
1112 2021 1236 2068 non
1298 2002 1529 2068 studiis
1591 2003 1856 2085 privatis
1902 2021 2020 2069 nec
2066 2021 2143 2068 ex
2189 2003 2737 2068 commendatione

401 2113 515 2173 aut
557 2107 851 2190 precibus
899 2109 1330 2174 centurionem
1376 2108 1689 2174 militesve
1734 2110 1957 2189 ascire,
2006 2108 2119 2174 sed
2165 2109 2471 2190 optimum
2517 2125 2737 2190 quem-

401 2230 523 2294 que
568 2210 939 2280 fidissimum
984 2218 1239 2298 putare3
1287 2215 1498 2280 omnia
1541 2213 1721 2295 scire,
1769 2232 1896 2279 non
1927 2215 2140 2280 omnia
2173 2214 2464 2296 exsequi3
2514 2213 2734 2297 parvis

401 2319 679 2401 peccatis
735 2320 1011 2401 veniam,
1081 2320 1330 2402 magnis
1393 2320 1794 2386 severitatem
1853 2321 2283 2399 commodare,
2347 2338 2463 2386 nec
2523 2336 2732 2401 poena

301 2440 366 2492 10
402 2445 668 2510 semper,
713 2427 827 2492 sed
873 2427 1127 2509 saepius
1172 2428 1569 2509 paenitentia
1616 2431 1949 2493 contentus
1996 2444 2167 2506 esse3
2229 2424 2447 2492 officiis
2508 2430 2573 2491 et
2618 2425 2734 2491 ad-

402 2532 974 2599 ministrationibus
997 2532 1207 2616 potius
1231 2550 1357 2598 non
1379 2539 1756 2615 peccaturos
1777 2551 2188 2615 praeponere,
2213 2550 2406 2614 quam
2430 2532 2735 2597 damnare

17 2667 189 2682 W
402 2655 547 2705 cum
591 2643 981 2721 peccassent.
1052 2637 1375 2704 Frumenti
1409 2644 1476 2703 et
1507 2640 1886 2705 tributorum
1919 2638 2310 2705 exactionem
2341 2637 2734 2718 aequalitate

401 2762 735 2811 munerum
791 2744 1061 2823 mollire,
1127 2745 1510 2810 circumcisis
1572 2762 1735 2826 quae
1787 2744 1851 2808 in
1914 2747 2243 2826 quaestum
2289 2749 2548 2826 reperta
2590 2742 2732 2825 ipso

399 2850 644 2916 tributo
690 2851 946 2932 gravius
995 2849 1455 2937 tolerabantur.
1548 2849 1834 2932 Namque
1879 2868 1996 2932 per
2040 2849 2381 2914 ludibrium
2436 2848 2733 2915 adsidere
2780 2898 2784 2901 >

300 2968 365 3020 15
402 2956 638 3023 clausis
696 2956 938 3023 horreis
995 2961 1064 3023 et
1118 2974 1326 3022 emere
1389 2957 1559 3022 ultro
1601 2955 1925 3021 frumenta
1970 2956 2250 3021 auctiore
2294 2955 2499 3037 pretio
2548 2972 2733 3037 coge·

402 3064 652 3128 bantur.
754 3062 1056 3129 Devortia
1117 3063 1417 3127 itinerum
1481 3067 1546 3128 et
1611 3061 2039 3144 longinquitas
2102 3061 2430 3144 regionum
2492 3060 2732 3126 indice-

398 3169 608 3252 batur,
657 3173 729 3235 ut
762 3168 1052 3234 civitates
1084 3167 1384 3250 proximis
1416 3166 1700 3234 hibernis
1736 3169 1802 3233 in
1833 3171 2085 3233 remota
2116 3172 2183 3231 et
2213 3167 2354 3232 avia
2386 3166 2728 3246 deterrent,

402 3276 600 3343 donec
655 3277 824 3358 quod
880 3276 1170 3342 omnibus
1224 3276 1291 3339 in
1344 3278 1642 3356 promptu
1701 3280 1844 3339 erat
1903 3274 2121 3355 paucis
2166 3273 2484 3338 lucrosum
2532 3270 2731 3338 fieret.

581 3386 683 3450 20.
732 3380 908 3448 Haec
954 3381 1157 3463 primo
1191 3381 1407 3446 statim
1438 3398 1604 3445 anno
1638 3380 2107 3462 comprimendo
2142 3380 2462 3462 egregiam
2493 3376 2730 3442 famam
2827 3459 2836 3468 Ι

400 3488 535 3571 paci
582 3488 1015 3567 circumdedit,
1064 3505 1228 3569 quae
1274 3486 1374 3552 vel
1406 3487 1647 3552 incuria
1677 3487 1776 3551 vel
1806 3485 2212 3552 intolerantia
2245 3485 2527 3567 priorum
2558 3481 2731 3547 haud

400 3596 605 3662 minus
652 3612 842 3677 quam
889 3592 1125 3658 bellum
1171 3593 1540 3662 timebatur.
1631 3592 1758 3659 Sed
1802 3592 1912 3657 ubi
1957 3597 2174 3657 aestas
2221 3591 2512 3669 advenit,
2582 3605 2731 3654 con-

401 3706 607 3784 tracto
654 3698 932 3766 exercitu
978 3698 1216 3764 multus
1262 3699 1326 3763 in
1365 3701 1636 3782 agmine,
1687 3698 1953 3763 laudare
1983 3698 2381 3776 modestiam,
2429 3695 2730 3761 disiectos

295 3813 328 3866 5
402 3824 710 3886 coercere,
757 3806 894 3870 loca
939 3805 1163 3870 castris
1208 3806 1344 3887 ipse
1391 3823 1640 3888 capere,
1688 3803 2005 3870 aestuaria
2048 3821 2124 3868 ac
2154 3801 2346 3868 silvas
2377 3802 2517 3883 ipse
2547 3818 2732 3881 prae·

400 3916 738 3994 temptare3
784 3917 849 3976 et
892 3909 1049 3974 nihil
1092 3911 1343 3976 interim
1392 3911 1565 3993 apud
1602 3910 1818 3976 hostes
1849 3910 2129 3991 quietum
2162 3908 2315 3989 pati,
2364 3924 2487 3988 quo
2519 3907 2729 3971 minus

402 4018 628 4084 subitis
675 4015 1042 4082 excursibus
1088 4017 1538 4100 popularetur;
1597 4021 1789 4097 atque
1835 4015 1943 4081 ubi
1989 4016 2143 4079 satis
2190 4016 2530 4095 terruerat,
2584 4029 2728 4094 par-

402 4123 600 4190 cendo
645 4138 866 4187 rursus
911 4120 1330 4187 invitamenta
1365 4123 1543 4204 pacis
1576 4126 1913 4188 ostentare.
1992 4119 2235 4197 Quibus
2268 4119 2457 4184 rebus
2488 4116 2729 4182 multae

402 4229 708 4308 civitateS,
754 4243 917 4307 quae
960 4226 1026 4291 in
1073 4226 1249 4291 illum
1297 4227 1461 4293 diem
1510 4245 1585 4291 ex
1630 4244 1833 4307 aequo
1866 4230 2149 4308 egerant,
2199 4225 2366 4290 datis
2399 4220 2728 4290 obsidibus

300 4342 366 4394 10
399 4337 555 4402 iram
601 4351 887 4417 posuere,
932 4336 1002 4398 et
1044 4333 1376 4415 praesidiis
1423 4332 1825 4413 castellisque
1863 4330 2292 4397 circumdatae
2326 4333 2496 4408 sunt,
2544 4332 2730 4392 tanta
